2297 3476
73 949 147 973 Mun..
165 950 204 970 350

111 2161 127 2173 c.
145 2157 170 2173 ol
182 2161 196 2174 τ’

291 179 337 212 04
927 180 1239 216 CHRONICON
1268 181 1498 216 ESTENSE
1831 187 1915 221 [AA.
1937 188 2133 221 1306-1307]

373 306 506 337 Eodem
523 305 711 343 millesimo,
730 305 773 336 de
792 315 905 336 mense
924 306 1086 337 octubris.
1122 307 1288 338 Dominus
1304 308 1503 346 Bottixella,
1530 309 1687 340 dominus
1711 308 1882 341 Albuinus
1906 310 1949 341 de
1967 310 1999 341 la
2023 310 2136 348 Scala,

286 358 513 402 BrissyenseS‚
532 357 690 390 dominus
707 358 911 389 Franciscus
927 358 1093 397 marchio,
1110 359 1344 402 Salinguerra,
1362 360 1572 392 Rambertus
1585 361 1628 392 de
1642 362 1813 400 Ferraria,
1830 362 1990 394 mortales
2008 362 2138 393 inimici

287 412 415 443 domini
430 411 639 442 marchionis
662 409 823 452 Acconis,
837 417 1006 442 venerunt
1022 421 1098 442 cum
1115 412 1269 444 exercitu
1285 413 1330 444 ad
1348 419 1495 444 castrum
1513 412 1714 455 Bragantini
1736 415 1773 445 in
1789 414 1945 446 districtu
1961 417 1989 447 F
1992 414 2138 454 errarie‚'

286 470 319 496 et
343 464 389 496 ibi
412 465 573 496 fecerunt
598 463 747 495 conduci
772 472 846 494 xxx
868 463 1062 501 trabuccos,
1088 464 1146 506 qui
1171 465 1333 497 continue
1352 466 1534 498 trahebant
1552 473 1586 498 et
1601 467 1819 508 proiciebant
1835 467 1968 509 lapides
1992 468 2026 499 in
2044 468 2138 500 dicto

285 523 413 555 castro;
439 522 471 548 et
488 517 728 548 conduxerunt
745 516 860 557 plures
876 522 999 558 gattOS,
1017 527 1120 548 causa
1144 518 1317 558 preliandi
1333 531 1340 555 3
1366 525 1417 550 set
1434 525 1583 551 castrum
1607 519 1803 561 predictum
1819 526 1892 551 erat
1915 520 2136 552 fortissimum

283 576 317 601 et
339 570 498 602 fulcitum
523 570 566 601 de
590 568 749 600 omnibus
772 569 838 600 illis
862 569 1087 601 neccessariis
1112 576 1176 602 etc.
1203 570 1252 602 ita
1277 572 1370 613 quod
1393 582 1461 603 non
1486 572 1655 604 timebant
1679 572 1852 611 trabucos,
1875 583 1940 604 nec
1965 573 2042 612 alia,
2073 584 2137 604 nec

284 623 446 655 insultum
469 622 702 659 inimicorum;
727 628 779 653 set
802 622 838 652 in
863 622 957 653 dicto
983 628 1096 654 castro
1114 623 1307 656 existebant
1323 623 1550 656 Bastardinus
1567 625 1611 656 de
1629 625 1781 668 Rodigio
1801 625 1843 656 de
1862 626 1964 656 domo
1989 625 2136 664 Estensi,

284 675 452 707 Merlinus
483 686 503 706 a
533 676 645 706 Turre
678 675 721 706 de
752 675 926 712 Ferraria,
956 676 1051 706 Tura
1082 676 1125 707 de
1154 675 1249 707 Rere
1282 676 1326 708 de
1358 677 1593 709 Romandiola
1628 683 1662 709 et
1694 678 1896 709 Niccolaius
1926 678 1998 721 ejus
2031 688 2138 720 nepos

284 728 510 760 conestabiles
534 727 665 760 domini
690 727 901 759 marchionis
917 727 1079 770 Acconis,
1105 729 1162 771 qui
1193 729 1413 761 tradiderunt
1438 730 1567 761 dictum
1602 735 1749 762 castrum
1773 730 1809 761 in
1832 741 1953 762 manus
1985 730 2139 762 inimico-

281 792 369 818 rumg
396 787 429 812 et
453 781 502 812 sic
528 781 687 813 dominus
710 780 869 812 Marchio
894 781 1039 812 admixit
1067 781 1198 813 dictum
1224 788 1384 814 castrum.

371 834 504 866 Eodem
528 833 720 872 millesimo,
744 834 788 864 de
812 844 929 865 mense
954 834 1158 866 decembris.
1207 835 1306 877 Capti
1332 836 1471 868 fuerunt
1495 836 1652 867 dominus
1680 836 1896 879 Tayaferrus
1920 842 1954 868 et
1979 836 2139 868 dominus

280 887 495 919 Bertolacius
520 887 563 918 de
580 887 748 923 Ferraria,
766 886 899 918 scilicet
916 887 959 918 de
979 886 1202 928 Costabi[li]s‚
1228 899 1305 920 cum
1319 888 1428 919 tribus
1445 889 1711 931 consanguineis
1727 899 1791 930 pro
1807 888 2026 927 tradimento,
2044 890 2137 931 quod

281 939 485 971 ordinabant
503 950 580 971 cum
598 939 744 971 dominis
761 940 804 971 de
821 940 965 972 Mantua
982 947 1017 972 et
1034 941 1078 973 de
1094 941 1236 974 Verona
1255 948 1377 974 contra
1393 948 1517 974 statum
1543 943 1673 975 domini
1688 943 1906 974 Marchionis
1924 949 1959 974 et
1976 942 2136 975 comunis'

280 993 450 1024 Ferrarie.
477 992 596 1030 Quare
620 993 664 1024 de
688 1003 804 1024 mense
830 993 1023 1025 decembris
1046 994 1196 1035 predicti
1219 995 1255 1025 in
1280 995 1335 1026 die
1361 996 1472 1027 sancti
1489 995 1679 1039 Niccolay¹
1705 1006 1808 1037 super
1823 995 1974 1037 plateam
1992 995 2138 1027 civitatis

282 1046 467 1087 decapitati
492 1046 642 1078 fuerunt.

367 1099 501 1130 Eodem
524 1099 716 1130 millesimo.
742 1099 880 1131 Domini
905 1100 947 1131 de
965 1099 1156 1132 Malatestis
1181 1101 1395 1132 admiserunt
1412 1101 1643 1144 Senegayam,
1661 1102 1794 1134 Fanum
1813 1107 1847 1133 et
1863 1101 2046 1139 Pexarum,
2063 1101 2138 1144 qui-

280 1151 345 1184 bus
370 1151 646 1184 dominabantur.

1097 1250 1313 1292 MCCCVIJ.

373 1350 427 1381 Illi
444 1350 488 1382 de
505 1350 704 1392 Savignano
720 1355 755 1381 et
772 1350 816 1381 de
834 1349 1015 1381 Guidoctis
1032 1360 1111 1381 cum
1126 1349 1281 1391 pluribus
1298 1349 1372 1381 aliis
1390 1350 1433 1382 de
1450 1350 1586 1382 Mutina
1603 1351 1741 1382 tradere
1765 1351 1948 1382 voluerunt
1960 1351 2136 1382 civitatem

279 1402 412 1434 Mutine
437 1402 567 1435 civibus
591 1409 625 1434 et
647 1403 786 1435 comuni
810 1403 990 1439 Bononia:
1016 1409 1130 1434 tamen
1154 1402 1204 1434 illi
1236 1402 1280 1434 de
1306 1403 1444 1434 Sassolo
1481 1413 1558 1434 cum
1592 1403 1823 1435 Grassonibus
1856 1409 1890 1435 et
1919 1403 2034 1435 multis
2058 1403 2134 1434 aliis

279 1456 322 1487 de
346 1456 481 1488 Mutina
505 1456 732 1488 obviaverunt
756 1456 824 1487 illis
847 1457 937 1490 hoc:
964 1462 998 1487 et
1032 1462 1201 1497 ceperunt
1224 1465 1276 1487 ΧΠ
1311 1457 1355 1488 de
1390 1456 1458 1487 illis
1489 1456 1713 1488 traditoribus
1746 1462 1780 1488 et
1803 1457 1968 1488 miserunt
1992 1456 2025 1488 in
2057 1467 2134 1488 car-

278 1509 422 1547 ceribus,
439 1509 572 1541 scilicet
588 1510 622 1540 in
640 1509 787 1551 quadam
805 1509 919 1551 gabin,
938 1520 1041 1551 quam
1058 1509 1131 1540 fieri
1148 1509 1318 1540 fecerunt.
1353 1509 1398 1541 Et
1415 1515 1498 1540 tunc
1515 1510 1558 1541 de
1576 1520 1693 1540 mense
1711 1510 1822 1541 martii
1838 1509 2133 1552 Archipresbyter

278 1563 322 1594 de
341 1562 521 1594 Guidoctis
539 1562 582 1594 de
599 1562 735 1594 Mutina
759 1562 897 1604 accepit
914 1562 948 1593 in
965 1574 1000 1594 se
1018 1568 1167 1594 castrum
1184 1562 1332 1594 Finalis‘2
1352 1568 1471 1594 contra
1495 1572 1645 1594 comune
1662 1563 1814 1599 Mutine:
1840 1569 1874 1594 et
1898 1561 2134 1594 Bononienses

280 1615 520 1656 equitaverunt
536 1625 638 1656 super
657 1615 858 1647 comitatum
874 1615 1009 1647 Mutine
1028 1615 1073 1646 ad
1090 1620 1239 1646 castrum
1256 1614 1479 1656 Spilamberti
1490 1614 1500 1630 ³
1526 1620 1560 1646 et
1579 1615 1622 1646 ad
1639 1615 1903 1652 Nonantulam⁴;
1928 1620 1979 1647 set
1996 1616 2133 1657 quando

280 1668 443 1699 viderunt
467 1668 711 1706 Bononienses,
745 1669 838 1710 quod
871 1667 1001 1710 aliquid
1037 1678 1106 1700 non
1142 1673 1303 1710 poterant
1338 1668 1456 1700 facere
1488 1668 1532 1699 de
1571 1668 1709 1700 civitate
1740 1668 1884 1706 Mutine,
1916 1673 2133 1700 recesserunt

278 1721 469 1753 Bononiam
486 1727 552 1753 etc.

365 1774 496 1806 Eodem
521 1774 713 1806 millesimo.
739 1775 939 1812 Florentini,
964 1774 1150 1812 Sanenses,
1168 1774 1342 1813 Peruxini,
1359 1774 1571 1812 Luchenses,
1588 1774 1633 1806 ad
1657 1774 1805 1806 invicem
1831 1774 2033 1817 congregati
2057 1785 2135 1806 cum

279 1828 432 1859 exercitu
455 1838 583 1867 eorum,
597 1828 732 1860 iverunt
756 1828 927 1860 civitatem
950 1827 1076 1866 Aretii‚
1095 1834 1129 1859 et
1145 1827 1192 1859 ibi
1216 1833 1481 1869 permanserunt
1506 1838 1543 1859 vr
1569 1827 1805 1860 hebdomadas
1829 1834 1864 1859 et
1888 1829 2039 1870 dapnum
2063 1838 2135 1858 ma-

273 1891 377 1923 gnum
391 1882 559 1913 fecerunt.
607 1881 832 1923 Napoleonus
856 1881 1052 1919 cardinalis,
1070 1881 1128 1923 qui
1153 1887 1228 1913 erat
1244 1881 1369 1923 ligatus
1386 1881 1423 1911 in
1439 1881 1570 1919 Ytalia,
1587 1882 1732 1913 audiens
1745 1881 1823 1919 hoc,
1840 1881 1952 1913 statim
1969 1881 2137 1913 recedens

277 1933 320 1965 de
343 1934 519 1971 Faventia,
537 1934 700 1977 equitavit
717 1935 761 1966 ad
785 1934 959 1966 civitatem
976 1933 1090 1966 Aretii
1115 1940 1149 1965 et
1171 1934 1280 1975 ipsam
1306 1933 1446 1966 intravit
1470 1943 1547 1965 cum
1572 1934 1737 1966 militibus
1760 1935 1828 1966 suis
1853 1940 1887 1966 et
1909 1934 1995 1966 fecit
2018 1933 2133 1975 predi-

275 1987 346 2018 cari
362 1997 498 2018 crucem
516 1993 637 2019 contra
653 1989 681 2020 F
685 1987 870 2019 lorentinos
895 1993 929 2019 et
952 1987 1037 2019 alios
1054 1987 1133 2029 lige,
1148 1987 1207 2030 qui
1225 1997 1345 2019 omnes
1362 1993 1458 2018 erant
1484 1987 1578 2018 circa
1596 1987 1767 2019 civitatem
1784 1987 1914 2024 Aretii:
1940 1993 1973 2018 et
1989 1986 2136 2018 absolvit

277 2049 395 2071 omnes
411 2046 528 2072 euntes
550 2040 584 2071 in
609 2040 736 2072 auxilio
761 2039 986 2072 Aretinorum
1019 2050 1039 2070 a
1063 2039 1131 2071 suis
1155 2041 1324 2082 peccatis,
1352 2046 1527 2081 tamquam
1553 2040 1694 2071 ivissent
1717 2047 1839 2071 contra
1863 2040 2064 2077 Saracenos,
2087 2039 2136 2070 ita

275 2093 367 2134 quod
392 2104 433 2124 ex
456 2093 515 2125 illa
538 2093 752 2136 indulgentia
776 2093 873 2125 multi
892 2094 935 2125 de
960 2092 1133 2132 Marchia,
1152 2093 1194 2124 de
1211 2093 1449 2125 Romandiola
1473 2099 1507 2124 et
1523 2093 1598 2124 aliis
1616 2093 1712 2132 locis,
1735 2099 1958 2134 perrexerunt
1982 2092 2026 2124 ad
2051 2091 2134 2123 civi-

274 2152 379 2178 tatem
402 2146 515 2178 Aretii
539 2146 574 2177 in
599 2147 723 2178 auxilio
748 2146 979 2184 Aretinorum,
997 2152 1030 2178 et
1046 2146 1189 2178 fuerunt
1207 2146 1303 2178 circa
1320 2156 1375 2177 MM
1393 2146 1551 2184 militum,
1569 2156 1677 2189 quare
1695 2145 1897 2178 cardinalis'
1914 2146 2037 2177 videns
2054 2145 2132 2183 hoc,

276 2200 425 2241 quadam
452 2200 509 2232 die
535 2200 702 2242 equitavit
726 2211 804 2232 cum
829 2206 900 2231 toto
924 2209 985 2231 suo
1009 2209 1112 2240 posse
1130 2200 1175 2231 ad
1200 2198 1387 2241 quemdam
1412 2199 1537 2238 locum,
1563 2199 1623 2241 qui
1648 2199 1773 2231 dicitur
1796 2199 1968 2231 Romene.
1992 2198 2132 2230 Interim

275 2252 449 2293 quoddam
473 2263 601 2285 novum
625 2253 689 2284 fuit
712 2253 960 2296 vulgaricatum
984 2254 1019 2284 in
1046 2252 1213 2290 exercitu,
1233 2253 1329 2295 quod
1355 2253 1541 2284 cardinalis
1564 2253 1675 2284 iverat
1698 2252 1928 2289 Florentiam3
1954 2262 2058 2294 quare
2080 2252 2132 2282 in-

275 2305 465 2337 continenti
490 2312 580 2338 totus
604 2306 778 2338 exercitus
796 2306 1006 2337 Florentiam
1030 2305 1173 2337 recessit
1190 2306 1234 2337 de
1254 2305 1350 2337 dicto
1376 2306 1454 2337 loco
1471 2315 1541 2337 non
1559 2305 1649 2337 bono
1666 2306 1780 2337 modo.

364 2359 496 2391 Eodem
520 2359 713 2391 millesimo.
746 2359 915 2391 Dominus
947 2358 1111 2390 Albertus
1143 2358 1291 2390 Scoctus
1317 2369 1395 2390 cum
1421 2359 1489 2389 suis
1513 2358 1717 2400 sequacibus
1740 2358 1954 2390 intraverunt
1980 2358 2133 2400 Burgum

273 2411 317 2442 de
344 2411 529 2444 Valdetaro
544 2412 564 2450 ⁵,
582 2418 615 2444 et
631 2412 787 2443 similiter
802 2412 836 2442 in
854 2422 971 2443 rocam
989 2411 1102 2443 Barde
1117 2410 1129 2426 ⁰
1147 2418 1180 2442 et
1197 2422 1240 2442 ex
1257 2411 1325 2442 hoc
1344 2421 1462 2443 rumor
1485 2421 1631 2455 magnus
1648 2411 1715 2442 fuit
1732 2411 1768 2442 in
1786 2411 1923 2443 civitate
1939 2410 2130 2447 Placentie3

273 2469 308 2494 et
330 2464 556 2496 incontinenti
579 2465 625 2496 ad
650 2464 891 2496 defensionem
915 2473 1032 2494 eorum
1056 2464 1218 2495 fecerunt
1243 2463 1330 2495 duos
1356 2463 1485 2502 abates,
1515 2464 1572 2506 qui
1597 2473 1719 2506 regere
1744 2462 1911 2495 deberent
1929 2463 2058 2495 dictam
2084 2462 2131 2493 ci-

272 2515 412 2548 vitatem
435 2517 481 2549 ad
496 2517 672 2558 populum.
718 2516 818 2549 Unus
841 2516 906 2548 fuit
922 2516 1129 2548 Vicecomes
1154 2517 1198 2548 de
1223 2516 1446 2555 Palavicinis,
1465 2516 1552 2548 alius
1569 2516 1730 2548 dominus
1744 2516 1975 2559 Lancaloctus
1998 2516 2042 2547 de
2058 2514 2130 2547 An-

365 2651 386 2668 1.
406 2645 434 2667 ίιι
455 2646 572 2675 margine
591 2646 620 2667 di
638 2653 712 2668 mano
730 2647 841 2668 scrt'orc:
864 2645 988 2668 Amissio
1010 2644 1176 2676 Bragantini
1193 2657 1204 2661 -
1217 2643 1314 2668 eodem
1331 2644 1479 2668 millesimo
1495 2651 1543 2668 om.
1564 2643 1640 2668 Mun.
1661 2657 1687 2660 —
1703 2645 1727 2669 S.
1741 2643 1825 2675 Rere]
1839 2644 1909 2668 Rete
1928 2644 2004 2668 MUR.
2020 2656 2031 2661 -
2044 2644 2128 2667 Nico-

273 2687 331 2710 laus
345 2687 369 2709 Β
382 2687 459 2712 Mun.
474 2700 484 2705 —
498 2687 690 2719 conestabiles]
711 2689 851 2712 conestab.
867 2688 908 2713 A:
923 2687 1104 2711 conestabilis
1126 2687 1206 2721 Mun.
1227 2700 1260 2704 -
1276 2693 1317 2710 22.
1333 2688 1363 2711 in
1378 2687 1528 2719 quamdam
1542 2687 1624 2719 gabia
1637 2687 1662 2709 B
1675 2699 1686 2704 -
1699 2687 1728 2711 in
1743 2686 1891 2718 quamdam
1904 2686 2034 2718 gabbiam
2049 2686 2127 2710 MUR.

276 2741 307 2744 —
328 2729 368 2754 28.
389 2729 576 2754 hebdomadas
597 2729 679 2759 Μυκς
700 2730 820 2754 edomod
834 2729 857 2752 A
879 2742 911 2746 —-
932 2728 974 2760 36.
994 2728 1140 2760 vulgatum
1161 2729 1240 2753 MUR.

364 2801 371 2817 ¹
392 2803 408 2826 6
428 2804 574 2829 dicembre.
1322 2802 1331 2818 4
1352 2804 1514 2828 Nonantola
1534 2811 1550 2827 a
1572 2810 1604 2827 10
1624 2804 1672 2827 kil.
1691 2804 1800 2828 E-N-E.
1821 2805 1855 2828 da
1874 2803 2005 2827 Modena.

364 2843 375 2859 ²
394 2846 490 2870 Finale
509 2846 681 2871 nell’Emilia
699 2855 715 2872 a
734 2849 766 2879 43
786 2848 834 2872 kil.
854 2847 889 2871 da
909 2847 1040 2871 Modena.
1322 2847 1333 2863 5
1354 2847 1513 2877 Borgotaro
1533 2853 1549 2870 a
1569 2851 1603 2876 70
1622 2846 1669 2870 kil.
1689 2846 1754 2870 S-O.
1775 2847 1809 2869 da
1828 2846 1935 2870 Parma.

364 2884 374 2901 ³
394 2887 589 2919 Spilamberto,
609 2889 723 2914 castello
750 2890 833 2922 posto
859 2896 874 2912 a
898 2888 928 2912 16
948 2888 996 2912 kil.
1017 2887 1112 2913 s-S-E.
1136 2888 1171 2911 da
1322 2884 1333 2900 ⁶
1354 2887 1439 2910 Bardi
1457 2886 1570 2910 castello
1589 2893 1606 2909 a
1624 2886 1657 2909 66
1678 2886 1725 2910 kil.
1745 2886 1772 2910 S.
1791 2885 1824 2910 da
1850 2886 1985 2910 Piacenza
2007 2886 2050 2910 nel
2076 2885 2129 2910 cir-

276 2929 403 2953 Modena.
1232 2928 1370 2952 condario
1391 2928 1420 2952 di
1440 2928 1634 2953 Fiorenzuola.

2167 785 2204 815 10

2164 1048 2200 1079 15

2158 1404 2199 1434 20

2157 1668 2197 1699 25

2158 1934 2200 1965 30

2157 2463 2197 2493 40

2159 2888 2191 2905 ῙΟ
