2297 3476
122 2044 198 2067 Mun„
213 2042 251 2061 340

162 2310 250 2328 cxij

319 210 365 245 54
954 202 1268 240 CHRONICON
1297 200 1526 236 ESTENSE
1991 203 2043 237 [A.
2065 204 2157 236 1299]

313 342 380 373 iam
403 341 535 371 iverant
558 337 602 368 ad
627 345 798 376 campum;
823 333 1021 365 immediate
1046 331 1213 374 equitavit
1237 331 1406 363 Cremam.
1453 329 1617 361 Dominus
1640 328 1801 366 Maffeus,
1825 329 1966 360 audiens
1983 329 2075 370 quod
2099 328 2159 359 do-

314 394 422 425 minus
446 389 604 422 Marchio
628 398 697 419 non
721 392 794 418 erat
819 396 895 417 cum
929 383 1079 415 exercitu
1111 383 1407 419 Cremonensium,
1438 381 1533 413 mixit
1557 381 1740 412 maximam
1771 381 1991 422 quantitatem
2023 390 2159 413 suorum

313 452 434 480 contra
457 444 703 476 Cremonenses
727 439 771 470 ad
799 439 929 471 dictum
952 443 1102 479 pontem.
1152 435 1268 473 Quare
1294 435 1545 467 Cremonenses
1569 435 1761 471 timuerunt,
1786 440 1820 466 et
1843 434 2071 465 incontinenti
2098 434 2160 464 mi-

315 504 431 532 serunt
454 497 611 529 Cremam
629 493 769 525 domino
787 490 993 527 Marchioni,
1012 490 1106 532 quod
1122 490 1167 520 ad
1185 499 1302 520 eorum
1320 499 1478 529 campum
1494 487 1631 519 veniret
1647 497 1723 518 cum
1741 487 1818 525 suis,
1836 487 1916 528 quia
1931 497 2017 530 gens
2033 487 2161 519 domini

315 551 438 585 Maffei
461 554 602 581 venerat
624 547 669 578 ad
693 555 861 587 campum.
909 543 1030 576 Statim
1057 543 1216 574 dominus
1241 541 1400 573 Marchjo
1426 541 1491 572 iter
1516 539 1644 581 aripuit
1670 541 1714 571 ad
1739 540 1926 571 exercitum
1951 539 2162 572 Cremonen-

317 606 403 637 sium
427 608 461 635 et
486 602 518 632 in
550 601 621 632 eius
651 604 744 630 motu
774 597 867 628 venit
899 596 944 627 ad
973 605 1048 626 eum
1081 594 1219 637 quidam
1252 593 1388 625 nomine
1420 592 1643 624 Bastardinus
1674 592 1717 623 de
1748 592 2011 630 Monteferrato,
2043 593 2163 624 dicens

315 659 363 689 ei:
390 655 534 688 Domine
558 653 607 684 mi
627 651 808 691 carissime,
835 660 902 691 ego
925 659 996 680 sum
1021 652 1132 679 vester
1152 646 1370 690 propinquus
1394 657 1434 677 ex
1455 649 1559 688 parte
1583 645 1700 687 patris
1723 645 1797 685 mei,
1823 645 1872 676 ita
1903 645 1992 687 quod
2018 649 2163 676 vestrum

315 712 464 753 dapnum
487 718 551 738 non
573 706 743 748 szgffercm:
768 713 873 745 quare
888 700 990 744 facio
1013 701 1106 732 vobis
1127 700 1356 742 manifestum,
1383 699 1472 741 quod
1484 698 1516 729 δι’
1530 709 1587 729 vos
1603 698 1694 729 ibitis
1717 698 1764 729 ad
1784 701 1939 741 campum
1965 698 2163 730 Cremonen-

317 764 411 802 sium,
436 772 499 792 non
522 758 671 791 redituri
692 756 787 788 eritis
810 756 845 786 in
871 754 1002 796 Cremo,
1027 764 1132 796 neque
1156 753 1191 784 in
1212 752 1373 796 partibus
1398 752 1527 792 vestris,
1555 751 1635 793 quia
1658 751 1716 782 isti
1729 751 1940 793 proeliatores
1959 750 2076 783 Creme
2093 756 2164 782 tra-

318 817 396 848 dent
418 824 474 845 vos
497 813 532 844 in
556 821 671 842 manus
695 808 823 840 domini
844 807 981 850 Jlsaffez',⁴
1005 811 1037 838 et
1060 807 1177 837 debent
1199 805 1323 836 habere
1345 804 1406 836 boc
1422 803 1524 847 facto
1547 807 1595 835 X¹¹¹
1609 803 1767 848 floreum,
1801 808 1834 834 ct
1861 804 1979 834 debent
2009 803 2165 835 claudere

315 871 434 911 Portas
457 864 614 904 civitatis,
639 866 715 905 post
739 861 862 893 exitum
886 864 1044 891 vestrum.
1091 857 1195 890 Unde
1224 857 1382 889 dominus
1410 855 1570 888 Marchio
1601 855 1683 887 talia
1714 855 1866 894 audiens,
1898 856 2006 887 voluit
2037 856 2163 888 habere

316 931 412 953 suum
444 917 624 950 consilium
655 925 756 956 super
787 914 865 945 hoc.
912 913 1006 944 Ecce
1031 912 1170 954 quidam
1202 911 1287 942 alter
1318 909 1465 941 nuncius
1499 909 1675 940 cuiusdam
1706 908 1832 946 militis,
1862 909 1920 951 qui
1951 909 2018 940 iam
2050 909 2164 940 fuerat

319 971 537 1005 conestabilis
561 969 645 1001 dicti
674 967 803 1000 domini
835 965 1049 998 Marchionis
1073 970 1240 1006 equester,
1271 963 1324 995 cui
1358 962 1498 994 dolebat
1524 963 1567 994 de
1593 962 1744 1003 dampno
1777 961 1907 993 domini
1938 961 2164 999 Marchionis,

316 1026 451 1059 nomine
476 1023 671 1056 Bernardus
696 1022 739 1052 de
763 1020 869 1057 Rete;
895 1025 929 1051 et
953 1018 1049 1051 dedit
1074 1018 1111 1048 in
1134 1028 1237 1049 manu
1262 1016 1392 1049 domini
1413 1015 1626 1047 Marchionis
1650 1015 1800 1058 sigillum
1825 1014 1907 1046 dicti
1930 1015 2058 1046 domini
2082 1015 2166 1046 Ber-

316 1078 424 1116 nardi‚
450 1083 486 1109 ut
509 1076 625 1108 verbis
648 1074 763 1105 nuncii
788 1073 957 1105 crederet.
1003 1071 1048 1102 Et
1063 1071 1136 1102 viso
1153 1070 1263 1113 signo,
1283 1069 1369 1101 dixit
1386 1069 1542 1100 dominus
1561 1067 1736 1100 Marchio:
1753 1067 1847 1098 Bene
1861 1067 1999 1110 mgnum
2016 1078 2165 1110 congno-

315 1145 378 1165 sco.
425 1131 526 1172 ch'd
543 1128 662 1172 petis?
706 1127 828 1158 Dictus
850 1125 994 1157 nuncius
1019 1124 1103 1156 dixit
1127 1124 1158 1155 ei
1182 1123 1337 1155 similiter
1360 1123 1486 1160 omnia,
1511 1132 1577 1163 que
1603 1121 1737 1153 dixerat
1759 1121 1855 1162 prius
1877 1121 2099 1152 Bastardinus
2123 1121 2166 1152 de

316 1184 577 1218 Monteferrato.
625 1181 700 1212 Hiis
725 1179 860 1216 auditis,
885 1178 1042 1210 dominus
1064 1177 1224 1208 Marchio
1250 1187 1326 1208 cum
1355 1186 1415 1207 suo
1441 1174 1586 1206 consilio
1611 1175 1796 1206 timuerunt
1820 1180 1854 1205 et
1878 1174 1968 1206 inter
1991 1184 2028 1205 se
2055 1174 2167 1204 firma-

317 1244 447 1275 verunt,
472 1235 565 1278 quod
589 1233 747 1266 dominus
770 1231 929 1263 Marchio
955 1230 1068 1272 aliquo
1092 1230 1195 1261 modo
1220 1239 1288 1261 non
1313 1234 1474 1271 pergeret
1499 1234 1595 1259 extra
1620 1227 1792 1258 civitatem
1812 1227 1946 1265 Creme,
1963 1232 2014 1258 set
2032 1227 2075 1258 de
2099 1227 2168 1257 suis

318 1290 474 1334 gentibus
498 1289 654 1319 micteret
678 1286 722 1317 ad
746 1295 903 1326 campum
928 1283 1220 1320 Cremonensium,
1247 1288 1281 1314 et
1304 1282 1354 1313 sic
1378 1281 1463 1312 fecit
1489 1286 1523 1312 et
1546 1280 1644 1312 mixit
1667 1280 1848 1311 maximam
1865 1280 2088 1322 quantitatem
2105 1280 2169 1310 mi-

317 1345 411 1376 litum
436 1348 470 1374 et
494 1341 648 1383 peditum
672 1339 705 1370 in
731 1338 856 1370 auxilio
881 1336 1051 1369 dictorum
1075 1335 1370 1368 Cremonensium.
1418 1334 1501 1365 Post
1524 1335 1591 1365 hec
1616 1333 1729 1374 acepit
1753 1333 1924 1365 civitatem
1949 1333 2073 1365 Creme
2104 1343 2166 1374 pro

317 1408 353 1429 se
378 1403 411 1429 et
433 1405 493 1427 suo
518 1393 682 1430 dominio,
706 1397 740 1423 et
764 1390 867 1422 fulxit
891 1400 976 1422 eam.
1021 1389 1156 1420 Tamen
1180 1399 1266 1420 unus
1290 1388 1387 1419 miles
1411 1387 1454 1419 de
1479 1387 1658 1424 Cremona,
1684 1387 1744 1429 qui
1768 1396 1837 1417 non
1862 1393 1935 1418 erat
1960 1385 2089 1417 amicus
2106 1385 2168 1417 do-

318 1450 399 1481 mini
424 1446 647 1484 Marchionis,
670 1444 791 1476 videns
815 1443 1095 1475 Mediolanenses
1119 1441 1235 1473 venire
1261 1447 1383 1473 contra
1406 1451 1475 1479 eos,
1501 1439 1593 1481 cepit
1617 1440 1685 1471 alta
1709 1449 1795 1471 voce
1822 1439 1971 1471 clamare
1997 1445 2030 1470 et
2054 1438 2169 1470 dicere

318 1504 405 1535 inter
429 1501 697 1533 Cremonenses:
726 1497 755 1528 O
778 1496 906 1528 domini
927 1497 1002 1537 mei,
1028 1495 1117 1526 mala
1140 1495 1298 1526 habemus
1315 1504 1411 1535 nova,
1429 1493 1510 1536 quia
1526 1492 1794 1524 Mediolanenses
1809 1492 1945 1523 veniunt
1961 1496 2079 1523 contra
2096 1502 2168 1532 nos;

323 1555 480 1588 Alarclzz'o
497 1557 617 1593 autem,
642 1552 702 1594 qui
723 1551 813 1582 nobis
838 1549 932 1580 debet
953 1559 1158 1589 succurrere,
1178 1548 1273 1578 vadit
1296 1558 1410 1579 versus
1429 1545 1629 1577 Cremonam
1654 1556 1753 1577 causa
1770 1545 1931 1588 capiendi
1945 1544 2118 1576 civitatem
2135 1544 2171 1575 in

322 1610 390 1640 eins
412 1606 566 1638 dominio.
612 1604 670 1636 Isti
694 1603 787 1635 stulti
812 1608 846 1634 et
869 1602 994 1634 rabiosi
1020 1601 1269 1633 Cremonenses
1293 1599 1469 1631 audientes
1493 1599 1572 1635 hoc,
1596 1598 1668 1629 sine
1695 1598 1808 1640 aliqua
1833 1597 2084 1629 deliberatione
2115 1597 2168 1628 vel

321 1660 476 1698 consilio,
502 1664 668 1700 ceperunt
694 1656 853 1693 clamare,
871 1660 905 1686 et
930 1654 1061 1686 dicere:
1079 1653 1139 1685 Ad
1152 1654 1294 1694 domum,
1319 1653 1366 1683 ad
1387 1653 1518 1683 domum
1526 1664 1537 1693 ;
1561 1656 1594 1683 et
1610 1651 1777 1682 moriatur
1793 1651 1855 1682 iste
1867 1651 2047 1693 prodz'ctor
2070 1651 2170 1682 Allar-

320 1715 403 1746 chio.
449 1712 492 1743 Et
515 1711 748 1752 relinquerunt
773 1718 931 1750 campum
955 1718 1051 1739 suum
1076 1717 1154 1738 cum
1178 1706 1301 1743 tendis,
1326 1705 1569 1747 pavillionibus
1602 1711 1638 1736 et
1665 1703 1766 1735 rebus
1789 1710 1824 1735 et
1847 1703 1966 1742 bobus,
1998 1710 2031 1735 et
2059 1703 2172 1735 omnia

321 1766 499 1802 victualia3
525 1770 560 1796 et
583 1774 651 1794 una
675 1773 752 1793 cum
776 1761 870 1793 dicto
895 1761 1003 1792 milite
1029 1760 1072 1792 de
1096 1759 1268 1792 Cremona
1291 1758 1429 1790 nomine
1446 1758 1604 1790 dominus
1621 1757 1848 1789 Sovramonte
1865 1756 2000 1796 Amato‚
2017 1757 2075 1799 qui
2091 1757 2172 1788 talia

322 1821 454 1852 dixerat
485 1818 528 1850 de
559 1816 700 1848 domino
732 1814 946 1851 Marchione‚
979 1819 1145 1855 ceperunt
1175 1814 1299 1855 fugere
1331 1818 1365 1844 et
1397 1811 1594 1854 relinquere
1627 1821 1796 1852 campum,
1823 1820 1940 1841 omnes
1969 1810 2170 1842 clamantes:

320 1873 495 1904 ffloriatur
518 1871 580 1901 iste
601 1868 763 1900 marchio.
810 1867 853 1898 Et
877 1867 925 1898 sic
943 1866 1115 1909 fugientes
1139 1866 1343 1897 invenerunt
1366 1870 1487 1907 gentes
1504 1864 1588 1895 dicti
1605 1863 1736 1895 domini
1758 1862 1984 1900 Marchionis,
2009 1873 2075 1905 que
2092 1872 2172 1904 pro-

320 1924 511 1967 spiciebant
541 1923 625 1954 istos
657 1921 777 1953 stultos
801 1920 972 1962 fugientes
1001 1926 1035 1951 et
1067 1919 1239 1951 dicentes:
1263 1918 1442 1950 Moriatur
1473 1918 1534 1949 iste
1561 1917 1729 1948 Marchz‘o.
1775 1916 1879 1948 Unde
1903 1916 1969 1958 ipsi
1992 1916 2173 1948 voluerunt

321 1989 378 2011 eos
403 1977 612 2013 confortare,
639 1980 673 2006 et
697 1978 865 2015 ceperunt
890 1973 1039 2004 clamare
1062 1978 1096 2003 et
1120 1972 1256 2003 dicere:
1290 1971 1389 2003 Vivat
1408 1971 1557 2014 populus
1582 1970 1742 2002 Cremona
1767 1974 1799 2000 et
1822 1970 1974 2000 dominus
1997 1969 2174 2011 Illam-hio,-

327 2038 360 2064 et
385 2031 496 2073 aliquo
522 2029 625 2060 modo
649 2033 833 2069 potuerunt
856 2036 900 2058 ne
925 2035 984 2057 eos
1008 2025 1121 2057 redire
1147 2026 1193 2057 ad
1211 2035 1368 2067 campum
1386 2035 1483 2056 suum
1501 2030 1623 2056 contra
1639 2023 1814 2060 inimicos;
1831 2022 1935 2054 unde'
1952 2028 2073 2066 gentes
2089 2022 2174 2055 dicti

320 2084 450 2116 domini
474 2081 686 2113 Marchionis
710 2079 915 2111 dimixerunt
943 2089 1002 2110 eos
1026 2080 1085 2116 ire,
1120 2084 1154 2110 et
1187 2078 1424 2120 equitaverunt
1457 2083 1585 2109 tantum
1620 2077 1665 2108 ad
1697 2086 1872 2117 campum;
1904 2081 1939 2107 et
1968 2075 2175 2107 invenerunt

320 2142 438 2179 gentes
463 2134 545 2167 dicti
569 2132 699 2165 domini
723 2132 868 2175 Maffey,
893 2131 951 2173 qui
976 2130 1190 2163 derobabant
1215 2141 1374 2172 campum
1398 2136 1431 2162 et
1454 2129 1568 2161 omnia
1585 2129 1835 2170 dispoxuerant
1858 2128 1926 2159 iam
1950 2128 1994 2159 ad
2018 2128 2173 2170 predam.

321 2189 423 2221 Unde
440 2194 560 2231 gentes
578 2185 706 2218 domini
722 2184 940 2216 Marchionis
957 2184 1157 2216 divixerunt
1173 2195 1209 2215 se
1227 2184 1262 2214 in
1280 2184 1365 2215 duas
1381 2189 1495 2225 partes
1502 2195 1511 2221 3
1528 2183 1638 2224 prima
1658 2192 1737 2223 pars
1760 2182 1820 2213 ivit
1836 2182 1872 2213 in
1890 2181 2003 2223 capite
2023 2181 2174 2222 predicti

323 2242 446 2283 pontis,
470 2240 561 2272 unde
576 2239 706 2270 inimici
724 2237 899 2270 debebant
914 2237 1026 2269 redire
1033 2250 1041 2275 ;
1060 2237 1126 2268 alia
1141 2248 1220 2279 pars
1238 2235 1388 2268 cucurrit
1406 2237 1449 2268 ad
1467 2246 1634 2277 campum,
1659 2242 1692 2266 et
1715 2234 1932 2271 occidebant,
1949 2234 2176 2266 vulnerabant

327 2301 360 2326 et
383 2293 565 2335 capiebant
587 2291 745 2322 inimicos
771 2290 1012 2328 derobatores;
1038 2301 1143 2332 quare
1160 2289 1293 2332 fugam'
1311 2289 1509 2330 aripuerunt
1532 2298 1650 2319 versus
1673 2293 1828 2328 pontem:
1853 2293 1904 2319 set
1928 2287 1976 2318 illi
1999 2286 2175 2318 fortissimi

323 2347 480 2378 homines
504 2345 633 2377 domini
651 2343 874 2381 Marchionis,
899 2344 956 2385 qui
975 2348 1072 2374 erant
1088 2343 1137 2375 ibi
1154 2343 1197 2374 ab
1215 2342 1423 2374 obviandum
1439 2342 1489 2373 eis
1505 2341 1693 2379 transitum,
1718 2339 1960 2371 exanimabant
1976 2349 2052 2377 eos;
2071 2349 2175 2381 quare

325 2410 387 2441 pro
405 2398 526 2430 maiori
543 2403 640 2439 parte
657 2403 780 2440 gentes
804 2396 934 2427 domini
958 2396 1081 2427 Maffei
1104 2395 1324 2437 proiecerunt
1346 2405 1382 2426 se
1399 2395 1434 2425 in
1449 2394 1566 2432 Adda‚
1584 2394 1617 2424 in
1636 2403 1704 2435 quo
1720 2392 1862 2424 flumine
1880 2391 1976 2424 multi
1992 2392 2174 2433 perierunt.

324 2453 429 2484 Unde
445 2456 564 2494 gentes
582 2450 711 2482 domini
734 2449 948 2480 Marchionis
963 2449 1049 2481 illesi
1064 2455 1098 2480 et
1114 2448 1263 2481 victores
1285 2454 1531 2480 remanserunt.
1577 2447 1660 2478 Post
1684 2446 1761 2484 hec,
1777 2445 1867 2477 tubis
1883 2445 2107 2487 pulsantibus,
2124 2456 2176 2477 re¹

328 2506 536 2548 colligemnt
553 2514 672 2536 omnes
695 2513 731 2534 se
756 2502 800 2534 ad
823 2503 969 2534 invicem
987 2508 1021 2534 et
1044 2509 1262 2534 recesserunt
1286 2503 1330 2533 de
1355 2502 1448 2534 dicto
1473 2501 1563 2539 loco,
1587 2500 1694 2531 nichil
1718 2499 1901 2536 movendo,
1925 2499 1980 2530 vel
2004 2499 2177 2540 tangendo

327 2559 370 2590 de
389 2558 490 2590 rebus
509 2557 810 2593 Cremonensium3
835 2562 868 2588 et
891 2556 1019 2587 reversi
1042 2562 1121 2588 sunt
1144 2556 1315 2594 Cremam,
1331 2555 1391 2587 ubi
1407 2555 1613 2586 invenerunt
1630 2552 1860 2585 dulcissimum
1885 2552 2059 2583 dominum
2082 2562 2177 2583 suum

328 2612 504 2643 dominum
520 2610 773 2648 Marchionem,
787 2610 845 2652 qui
862 2619 980 2641 omnes
1004 2609 1080 2642 illos
1103 2609 1191 2640 illari
1214 2609 1310 2641 vultu
1334 2615 1368 2640 et
1392 2608 1542 2639 iocunda
1557 2607 1649 2638 facie
1665 2606 1810 2647 recepit,
1825 2612 1858 2636 et
1873 2605 1988 2638 relatis
2004 2605 2101 2637 novis
2117 2605 2178 2637 do-

326 2665 418 2695 mino
434 2663 634 2696 Marchioni
652 2664 695 2694 de
713 2663 796 2705 fuga
813 2668 846 2694 et
862 2662 977 2694 verbis
993 2662 1278 2694 Cremonensium
1295 2661 1527 2693 clamantium:
1546 2659 1722 2691 Moriatur
1735 2659 1798 2689 iste
1810 2658 1976 2699 Illarclzio,
1994 2657 2180 2689 admiratus

327 2723 386 2756 est,
411 2723 445 2748 et
469 2727 573 2758 super
596 2716 662 2748 hoc
686 2716 805 2748 habuit
829 2715 1008 2746 consilium
1032 2714 1146 2752 suum}
1172 2721 1205 2746 et
1229 2714 1432 2746 deliberavit
1456 2724 1534 2744 cum
1558 2712 1714 2744 omnibus
1739 2711 1806 2743 suis
1830 2711 1879 2742 ire
1896 2721 2012 2742 versus
2036 2710 2177 2743 Cremo-

420 2837 442 2854 1.
461 2829 579 2853 audiens
598 2831 726 2860 aggz‘unto
746 2832 821 2859 sopra
838 2828 860 2851 il
877 2830 935 2859 rigo
954 2830 983 2850 in
1001 2828 1033 2851 A.
1055 2840 1085 2844 —-
1106 2834 1131 2859 9.
1152 2827 1291 2851 redit-urus
1309 2826 1333 2849 A
1355 2839 1387 2842 —
1404 2831 1444 2856 13.
1459 2825 1568 2849 domini
1582 2832 1628 2847 om.
1643 2824 1668 2846 B
1687 2823 1764 2848 MUR.
1786 2836 1797 2840 -
1819 2823 1942 2854 equester
1961 2822 2053 2850 MUR.3
2073 2823 2177 2853 equest.

329 2872 352 2894 A
374 2885 405 2888 —-
429 2871 468 2895 18.
494 2878 551 2895 non
576 2872 704 2901 aggiunto
726 2873 801 2900 sopra
821 2870 842 2893 il
862 2871 918 2901 rigo
937 2871 966 2892 in
984 2870 1008 2892 A
1029 2883 1061 2886 —
1082 2874 1173 2900 24-25.
1193 2869 1223 2892 in
1244 2869 1303 2892 eius
1324 2866 1466 2898 dominio]
1486 2867 1513 2890 et
1531 2866 1589 2890 eius
1602 2865 1757 2889 dominium
1772 2864 1847 2889 MUR.
1864 2878 1896 2882 —
1911 2871 1953 2895 30.
1966 2863 2117 2895 fugientes]
2135 2862 2178 2887 fu-

329 2913 473 2944 gientibus
491 2913 515 2936 A
536 2926 546 2930 -
566 2912 630 2944 que]
646 2915 672 2936 et
691 2913 714 2936 Α
733 2926 765 2929 —
785 2919 828 2944 32.
848 2911 1005 2936 confortari
1023 2912 1047 2934 Α
1063 2924 1095 2928 —-
1115 2916 1156 2942 33.
1177 2911 1329 2942 potuerunt
1354 2916 1389 2933 ne
1414 2916 1461 2933 eos
1482 2907 1584 2940 redire]
1606 2906 1811 2940 impediverunt
1830 2907 1861 2930 ut
1880 2913 1928 2930 eos
1947 2905 2036 2929 redire
2056 2905 2179 2929 facerent

330 2955 406 2979 Mus.
428 2968 459 2971 —
483 2960 525 2984 35.
544 2953 601 2986 qui]
622 2961 673 2985 que
693 2954 772 2978 ML'R.
794 2967 824 2971 „-
840 2959 882 2985 39.
896 2953 1096 2977 examinabant
1109 2952 1131 2975 A
1153 2966 1182 2969 -ψ
1203 2958 1245 2983 40.
1265 2949 1373 2982 gentes]
1394 2951 1522 2983 gentium
1536 2950 1559 2973 A

2192 804 2229 834 10

2194 1068 2229 1098 15

2191 1334 2233 1363 20

2194 1596 2233 1628 25

2201 2392 2242 2422 40

2202 2656 2241 2688 45
