2297 3476
118 2446 191 2468 Mun„
205 2445 244 2464 303

318 192 365 230 70
950 190 1262 226 CHRONICON
1289 189 1519 225 ESTENSE
1983 192 2033 227 [A.
2055 194 2149 226 1308]

317 317 473 349 dominus
497 316 651 348 Sassolus
675 315 718 345 de
741 314 877 346 Mutina
899 324 962 355 per
986 313 1212 355 capitaneum,
1231 319 1264 344 et
1287 312 1351 344 fuit
1375 312 1571 344 vulneratus
1593 312 1628 343 in
1645 312 1736 343 facie
1761 312 1845 344 etin
1869 313 1963 352 hore,
1986 313 2034 344 ita
2057 311 2151 354 quod

317 370 514 402 ceciderunt
537 368 567 399 ei
591 368 706 409 plures
729 368 848 399 dentes
874 367 917 398 de
942 376 1010 403 ore,
1029 365 1072 397 de
1089 375 1157 407 quo
1174 366 1324 407 dapnum
1340 376 1408 397 non
1425 364 1490 396 fuit
1505 371 1675 406 tamquam
1700 365 1743 396 de
1767 364 1930 397 traditore
1938 378 1945 402 3
1972 371 2006 397 et
2029 365 2151 397 mortui

316 428 350 454 et
375 422 466 463 capti
489 421 627 452 fuerunt
650 429 775 462 magna
798 429 878 460 pars
902 419 1089 450 amicorum
1106 418 1234 449 domini
1252 417 1427 454 Ghiberti;
1453 422 1486 448 et
1510 417 1546 448 in
1570 418 1636 448 fine
1654 418 1874 458 expulserunt
1891 429 1966 449 eum
1983 428 2060 449 cum
2085 417 2152 448 suis

317 481 412 507 extra
435 474 602 505 Parmam.
650 472 765 504 Rubei
791 478 823 503 et
847 471 904 502 alii
930 471 1074 512 bapniti‚
1107 471 1165 512 qui
1201 476 1436 502 remanserunt
1461 471 1496 501 in
1528 469 1674 502 civita'te
1700 470 1868 513 eligerunt
1891 470 1926 501 in
1949 477 2150 512 potestatem

314 527 458 560 civitatis
482 526 603 558 eodem
628 535 704 557 sero
729 525 905 556 dominum
929 523 1091 556 Iacobum
1123 525 1166 555 de
1197 523 1469 560 Cavalcabobus,
1501 529 1536 554 et
1568 529 1731 565 ceperunt
1762 523 1887 555 baliam
1911 523 2058 555 civitatis
2082 524 2152 555 cla-

315 586 445 612 mantes
467 590 530 620 per
553 584 658 610 totam
682 577 878 610 civitatem:
904 577 1041 614 Pacem,
1065 579 1200 618 pac-cmg
1225 582 1276 607 set
1300 582 1371 607 erat
1403 586 1470 617 pax
1494 576 1676 613 contraria,
1709 575 1789 618 quia
1821 575 2066 608 comburebant
2089 575 2151 606 do-

315 644 387 664 mos
411 638 444 664 et
467 630 647 663 masserias
670 636 705 662 et
729 629 935 662 occidebant
958 629 1115 661 homines
1139 634 1173 660 et
1196 628 1410 661 derobabant
1433 629 1592 660 mulieres
1616 634 1650 660 et
1674 628 1932 660 confinaverunt
1955 638 1985 660 c.
2011 638 2052 659 ex
2074 638 2153 670 par-

319 691 353 717 te
377 684 520 726 imperii.
567 684 691 715 Postea
724 683 972 715 constituerunt
995 682 1120 714 multos
1151 682 1193 714 de
1227 688 1327 723 parte
1359 681 1514 723 episcopi
1547 681 1665 713 Sancti
1696 681 1831 720 Vitalis,
1862 687 1895 712 et
1917 681 2152 722 imposuerunt

314 749 375 780 per
398 737 571 769 civitatem
605 735 787 768 collectam
825 739 892 766 xxm
917 734 1080 767 librarum
1111 733 1348 777 imperialium'
1379 733 1424 766 ad
1456 734 1634 766 terminum
1666 733 1768 765 trium
1793 733 1983 771 mensium;
2009 739 2043 765 et
2067 743 2153 765 sem-

314 803 376 833 per
408 791 443 822 in
479 800 595 821 eorum
631 788 845 821 sermonibus
880 788 1061 820 dicebant:
1088 788 1286 820 stlorz'anmr
1309 787 1367 818 isti
1391 787 1581 818 th'bellim'.
1628 786 1752 818 Postea
1777 780 1821 818 'ad
1852 795 1981 828 paucos
2005 786 2076 818 dies
2099 787 2153 818 Ia-

315 844 420 876 cobus
443 844 486 874 de
511 843 543 874 la
560 842 693 884 Senaca
716 841 896 873 rebellavit
920 841 1126 883 Uncolam13
1151 847 1185 873 et
1208 840 1366 872 dominus
1389 840 1542 871 Thomas
1566 840 1609 870 de
1632 839 1767 882 Uncola
1797 845 1830 871 et
1853 839 1903 871 illi
1927 840 1970 871 de
2003 839 2153 881 Pupillio

314 897 564 929 rebellaverunt
587 894 792 936 Pupillium²
818 894 955 926 comuni
979 894 1101 925 Parme
1132 894 1165 925 in
1198 894 1322 925 eodem
1354 892 1418 925 die.
1466 893 1510 924 Et
1542 893 1769 924 incontinenti
1800 903 1919 924 omnes
1950 893 2155 934 inceperunt

314 961 470 994 guerram
487 954 521 980 et
539 947 801 980 comburrebant
818 947 1055 989 episcopatum
1072 947 1194 978 Parme
1211 958 1319 989 usque
1336 946 1380 978 acl
1398 953 1523 987 portas.
1570 946 1624 977 Illi
1639 952 1753 978 tamen
1777 946 1820 977 de
1845 945 1976 977 Rubeis
1993 956 2070 977 cum
2087 945 2154 976 suis

314 1003 559 1035 ordinaverunt
582 1000 675 1033 micti
700 999 888 1032 exercitum
905 1000 1087 1042 Uncolam.
1126 1000 1171 1032 Et
1195 1000 1250 1032 die
1274 1010 1298 1031 X
1322 999 1444 1031 mensis
1467 998 1550 1030 iunii
1573 1004 1724 1040 potestas
1740 997 1863 1030 Parme
1889 1009 1966 1030 cum
1990 998 2155 1030 militibus

314 1057 550 1098 equitaverunt
574 1052 798 1090 Sorbolum³;
823 1059 857 1084 et
881 1053 937 1084 die
954 1053 1070 1084 martis
1095 1052 1270 1094 sequentis
1292 1051 1439 1094 populus
1465 1058 1498 1083 et
1515 1061 1634 1084 omnes
1657 1051 1700 1083 de
1717 1051 1853 1083 civitate
1877 1051 2010 1083 iverunt
2027 1050 2154 1083 Sorbo-

314 1110 398 1146 lum;
424 1114 458 1140 et
483 1107 539 1140 die
564 1106 728 1139 mercurii
752 1105 925 1149 sequentis
948 1105 1169 1137 firmaverunt
1194 1105 1384 1137 exercitum
1409 1105 1544 1148 Uncole
1570 1116 1646 1136 cum
1670 1114 1708 1136 VI
1733 1104 1910 1136 trabuchis
1941 1110 1975 1135 et
1998 1102 2154 1145 pluribus

315 1161 484 1199 hedifitiis,
509 1165 543 1192 et
567 1165 686 1202 gentes
709 1159 898 1201 pulcerime
923 1164 956 1191 et
981 1158 1150 1191 ordinate.
1198 1158 1259 1190 Set
1282 1157 1336 1190 die
1353 1158 1509 1190 mercurii
1526 1167 1633 1189 xvmr
1651 1157 1775 1188 mensis
1795 1157 1879 1199 junii
1903 1157 1938 1188 in
1962 1157 2050 1188 testo
2074 1156 2155 1188 bea-

316 1221 424 1247 torum
447 1214 623 1245 martirum
647 1212 810 1244 Gervaxii
834 1217 867 1243 et
889 1211 1044 1244 Protaxii
1069 1211 1224 1244 dominus
1249 1211 1436 1243 Ghibertus
1460 1211 1503 1243 de
1531 1210 1671 1254 Corigia
1693 1211 1790 1242 venit
1819 1211 1862 1242 de
1894 1210 2016 1242 Castro
2040 1219 2130 1241 novo
2144 1208 2155 1225 ⁴

316 1279 392 1299 cum
416 1266 565 1308 bapnitis
589 1265 632 1297 de
656 1265 779 1297 Parma
802 1271 837 1297 et
860 1264 977 1297 amicis
1004 1265 1070 1296 suis
1102 1265 1146 1296 de
1178 1263 1294 1307 Regio
1326 1270 1360 1296 et
1391 1273 1536 1295 comune
1558 1263 1701 1302 Mutine,
1731 1263 1869 1295 domino
1901 1261 2156 1295 Franceschjno

315 1322 358 1352 de
380 1319 585 1361 Mzssispinis,
609 1319 677 1350 illis
702 1318 745 1350 de
769 1318 911 1356 Palude‚
936 1324 969 1350 et
993 1328 1070 1349 cum
1094 1323 1166 1349 toto
1183 1327 1243 1349 suo
1260 1327 1360 1359 posse
1384 1317 1428 1348 ad
1452 1316 1632 1359 UncoLam,
1656 1317 1846 1358 splanando
1875 1316 1995 1348 foveas
2019 1321 2053 1347 et
2077 1315 2155 1346 alia.

316 1374 368 1405 Illi
393 1383 486 1412 vero,
512 1373 569 1414 qui
594 1378 692 1404 erant
714 1371 761 1403 ibi
785 1382 862 1403 cum
886 1371 1049 1409 exercitu,
1073 1371 1209 1403 iverunt
1232 1370 1374 1402 viriliter
1397 1370 1442 1402 ad
1467 1380 1535 1408 eos,
1554 1376 1586 1402 et
1611 1370 1857 1402 ordinaverunt
1880 1369 2071 1401 balisterios
2094 1378 2155 1410 pro

316 1438 350 1458 se
379 1433 413 1458 et
444 1426 597 1458 similiter
621 1425 705 1457 alias
728 1431 864 1467 gentes;
891 1430 925 1456 et
948 1424 996 1456 sic
1021 1424 1108 1455 fecit
1131 1423 1224 1456 idem
1249 1424 1292 1455 de
1316 1423 1384 1455 suis
1408 1424 1567 1455 dominus
1592 1423 1776 1455 Ghibertus
1800 1423 1842 1454 de
1866 1422 2022 1465 Corigia3
2048 1427 2082 1453 et
2104 1421 2157 1452 in-

316 1480 503 1513 continenti
528 1485 670 1521 utraque
695 1484 807 1519 partes
830 1477 973 1509 veniunt
990 1477 1033 1508 ad
1050 1477 1207 1518 prelium,
1224 1476 1284 1508 ubi
1302 1477 1368 1508 fuit
1393 1477 1618 1508 durissimum.
1643 1477 1776 1508 Tamen
1800 1477 1835 1507 in
1852 1476 1919 1508 fine
1936 1481 2057 1518 gentes
2072 1474 2156 1506 Par-

315 1533 480 1565 mensium
513 1530 667 1564 conflicti
699 1532 849 1569 fuerunt,
881 1536 915 1562 et
945 1530 1070 1562 mortui
1104 1530 1219 1571 plures
1251 1533 1296 1568 v‘,
1329 1535 1363 1561 et
1394 1534 1444 1562 tot
1480 1530 1573 1571 capti
1608 1535 1642 1561 et
1678 1529 1786 1561 secuti
1818 1535 1894 1561 sunt
1928 1528 2014 1560 alios
2048 1537 2155 1569 usque

315 1593 447 1629 portam
472 1585 637 1622 civitatis3
663 1584 821 1616 dominus
847 1584 1030 1616 Ghibertus
1057 1583 1120 1615 ivit
1150 1583 1245 1625 apud
1268 1583 1389 1615 foveas
1414 1583 1569 1621 civitatis,
1594 1582 1639 1614 ita
1665 1583 1756 1625 quod
1780 1592 1897 1614 omnes
1924 1591 2057 1613 arneses
2080 1580 2156 1612 illo-

315 1651 388 1671 rum
419 1645 453 1670 et
483 1637 639 1670 trabuchi
672 1642 706 1668 et
737 1637 805 1668 alia
828 1642 1074 1674 remanserunt,
1107 1635 1155 1667 ita
1186 1637 1278 1678 quod
1310 1636 1460 1677 dapnum
1493 1636 1647 1667 comunis
1678 1635 1799 1668 Parme
1823 1634 1891 1667 fuit
1912 1633 2155 1666 inextimabile.

314 1692 439 1724 Postea
462 1697 609 1723 tractata
633 1697 682 1722 est
698 1701 767 1732 pax
782 1689 872 1721 inter
889 1689 1062 1722 dominum
1080 1689 1285 1721 Ghibertum
1311 1694 1344 1720 et
1360 1698 1504 1720 comune
1530 1689 1651 1721 Parme
1669 1699 1732 1730 per
1756 1688 1932 1720 dominum
1955 1686 2157 1718 Anselmum

315 1745 358 1777 de
382 1746 536 1783 Marano,
562 1744 697 1776 abatem
722 1743 842 1775 Sancti
867 1743 1014 1788 ‚Cannis3
1036 1748 1069 1774 et
1085 1743 1151 1774 hoc
1168 1748 1308 1784 propter
1332 1748 1537 1780 carceratos,
1555 1751 1641 1784 quos
1665 1741 1813 1773 habebat
1830 1741 1985 1774 dominus
2010 1739 2158 1772 Ghiber-

314 1805 367 1831 tus
390 1799 424 1830 in
448 1799 568 1830 Castro
592 1807 681 1830 nevo
706 1803 739 1828 et
761 1796 836 1828 aliis
860 1796 956 1828 locis.
993 1796 1037 1827 Et
1054 1796 1088 1827 in
1113 1796 1169 1827 die
1193 1795 1302 1827 sancti
1325 1795 1420 1827 Petri
1443 1795 1599 1827 dominus
1624 1794 1705 1827 abas
1729 1795 1904 1836 predictus
1920 1793 2066 1825 firmavit
2083 1793 2156 1825 dic-

314 1858 382 1883 tam
405 1861 527 1893 pacem
558 1851 593 1881 in
626 1849 766 1882 civitate
790 1850 913 1881 Parme
938 1860 1015 1881 cum
1047 1848 1204 1880 omnibus
1234 1848 1404 1890 partibus3
1429 1854 1462 1880 et
1493 1848 1664 1891 eligerunt
1696 1848 1870 1880 dominum
1894 1847 2087 1879 Giffredum
2113 1847 2156 1878 de

315 1905 347 1936 la
363 1905 475 1936 Turre
500 1904 543 1935 de
565 1903 766 1935 Mediolano
790 1907 995 1944 potestatem
1012 1901 1136 1933 Parme
1160 1912 1222 1943 per
1244 1912 1348 1932 unum
1366 1911 1528 1939 mensem,
1553 1906 1588 1932 et
1604 1901 1759 1933 dominus
1782 1900 1927 1932 Iacobus
1950 1898 2157 1937 Cavalcabb,

316 1958 373 2000 qui
396 1957 444 1989 ibi
469 1962 541 1988 erat
562 1967 625 1998 per
648 1961 863 1997 potestatem,
888 1955 954 1986 fuit
979 1964 1103 1994 cassuS,
1135 1960 1238 1996 prout
1261 1960 1334 1986 erat
1357 1955 1391 1985 in
1415 1955 1524 1996 pactis
1548 1954 1653 1996 pacis.
1700 1954 1828 1985 Omnes
1855 1953 1914 1985 alii
1945 1951 2157 1994 stipendiarii

314 2017 382 2043 tam
409 2016 592 2052 equestres,
617 2020 720 2052 quam
744 2009 920 2050 pedestres
945 2013 1162 2040 recesserunt
1185 2014 1265 2039 ante
1293 2017 1454 2039 mensem.
1501 2008 1533 2039 T
1535 2017 1602 2039 unc
1626 2007 1774 2049 insurgit
1797 2007 1935 2049 quidam
1958 2015 2073 2037 rumor
2095 2015 2158 2046 per

316 2064 488 2096 civitatem
511 2073 578 2094 non
602 2068 801 2104 appensate;
829 2068 862 2093 et
886 2062 1022 2104 quando
1046 2061 1203 2093 homines
1232 2061 1378 2093 civitatis
1395 2060 1584 2093 credebant
1599 2070 1768 2092 rumorem
1786 2061 1922 2098 cessari,
1939 2059 2077 2102 quidem
2095 2058 2158 2089 ho-

315 2117 421 2148 mines
444 2117 531 2148 male
564 2115 796 2147 condictionis
819 2114 1033 2156 incipiebant
1068 2115 1112 2146 de
1146 2124 1235 2146 novo
1272 2125 1348 2146 cum
1383 2124 1501 2146 eorum
1536 2114 1687 2146 accuxiis
1712 2120 1746 2145 et
1775 2114 1852 2145 aliis
1876 2113 2008 2145 doloxis
2031 2110 2155 2144 verbis.

317 2170 540 2211 Quapropter
562 2168 680 2200 Rubei
704 2168 746 2199 de
770 2167 893 2199 Parma
916 2177 994 2199 cum
1021 2167 1142 2199 amicis
1165 2167 1235 2199 suis
1252 2167 1391 2209 quidem
1408 2167 1571 2211 fugerunt
1594 2173 1689 2198 extra
1714 2166 1897 2203 civitatem,
1914 2165 1974 2197 alii
1990 2164 2156 2196 asconde-

316 2230 394 2254 runt
417 2234 451 2254 se
477 2228 511 2253 et
535 2221 632 2253 multi
657 2222 700 2253 de
732 2221 781 2252 eis
812 2220 971 2253 derobati
1003 2221 1157 2257 fuerunt3
1183 2226 1217 2252 et
1252 2221 1374 2252 domus
1410 2230 1525 2252 eorum
1559 2220 1734 2252 combuste
1766 2225 1799 2251 et
1830 2219 1995 2260 derupate
2026 2224 2061 2250 et
2091 2217 2157 2249 alia

316 2277 420 2308 multa
443 2276 533 2306 mala
556 2275 713 2306 fecerunt
735 2284 798 2315 per
822 2273 948 2316 burgos
980 2280 1013 2305 et
1044 2284 1149 2315 super
1180 2274 1427 2315 episcopatum.
1473 2273 1558 2305 Pars
1590 2273 1780 2305 extrinseca
1810 2272 2020 2304 reduxerunt
2046 2281 2082 2302 se
2114 2270 2158 2302 ad

314 2327 528 2361 Furnovum⁵
553 2333 586 2359 et
611 2327 786 2359 Glarolam
798 2325 819 2365 ⁶,
844 2332 878 2358 et
901 2326 1066 2358 tenebant
1089 2326 1313 2358 Torclareum
1328 2325 1338 2342 ⁷
1364 2333 1396 2358 et
1420 2327 1572 2369 Burgum
1596 2326 1704 2358 sancti
1726 2325 1890 2367 Dopnini3
1916 2330 1950 2356 et
1973 2325 2090 2366 Lupus
2114 2323 2157 2355 de

317 2382 473 2424 Soragna
496 2387 569 2412 erat
594 2380 793 2422 capitaneus
816 2378 922 2422 Burgi
946 2379 1053 2411 sancti
1077 2379 1250 2421 Dopnini;
1277 2386 1310 2412 et
1333 2380 1535 2421 inceperunt
1550 2390 1708 2422 guerram
1734 2378 1863 2410 civitati
1880 2378 2000 2410 Parme
2026 2382 2060 2409 et
2085 2376 2158 2418 epi-

319 2435 484 2476 scopatui,
502 2440 536 2466 et
553 2439 625 2466 tota
642 2433 699 2465 die
716 2433 883 2465 curebant
900 2438 932 2465 et
950 2431 1212 2464 comburebant'
1229 2432 1338 2471 villas,
1356 2432 1564 2465 occidebant
1580 2432 1744 2470 homines,
1762 2437 1795 2464 et
1812 2431 1966 2463 similiter
1984 2430 2158 2462 faciebant

408 2594 428 2610 1.
449 2594 500 2619 pro
519 2587 677 2618 Capitaneo
697 2588 776 2612 Mun.
799 2601 830 2605 —-
852 2594 876 2613 2.
889 2586 1038 2618 traditore]
1053 2587 1210 2612 traditione
1229 2587 1254 2610 B
1273 2588 1350 2612 MUR.
1365 2601 1397 2604 —
1413 2591 1437 2618 5.
1450 2587 1576 2612 civitatis
1594 2587 1704 2620 eodem]
1723 2588 1846 2612 civitatis
1859 2587 1884 2610 B
1897 2587 1974 2612 Mun.
1994 2600 2004 2605 -
2022 2588 2157 2620 ceperunt

316 2629 415 2652 baliam
429 2630 556 2654 civitatis
570 2629 734 2661 clamantes]
749 2631 881 2662 ceperunt
899 2631 1009 2654 civitat.
1027 2629 1180 2654 clamantes
1199 2630 1241 2656 B:
1259 2631 1394 2661 ceperunt
1411 2631 1530 2654 clamare
1549 2637 1599 2661 per
1617 2631 1707 2654 totam
1727 2629 1871 2654 civitatem
1891 2629 1966 2654 Mun.
1988 2644 2019 2647 —
2040 2634 2063 2660 7.
2082 2635 2155 2653 mas-

317 2669 415 2702 serias]
437 2671 610 2695 massaritiae
629 2671 707 2696 Mun.
728 2685 760 2689 --
781 2678 824 2703 23.
843 2670 972 2702 veniunt]
993 2671 1107 2696 iverunt
1126 2671 1202 2696 Mun.
1226 2685 1258 2688 —
1280 2678 1320 2703 24.
1340 2671 1486 2696 conflictae
1504 2671 1582 2696 Mun.
1603 2686 1635 2689 —
1654 2678 1697 2704 3²·
1717 2679 1768 2703 pro
1789 2672 1928 2704 potestate
1948 2671 2025 2696 Mun.

406 2773 412 2788 ¹
433 2774 534 2799 Enzola
549 2774 615 2799 villa
629 2777 673 2800 nel
683 2783 802 2800 comune
816 2776 845 2800 di
859 2775 988 2807 Poviglio
1002 2783 1019 2800 a
1034 2783 1064 2807 13
1079 2775 1126 2800 kil.
1140 2776 1212 2800 N-E.
1355 2775 1366 2791 ⁵
1386 2777 1519 2801 Fornovo
1539 2777 1568 2801 di
1589 2777 1672 2801 Taro-

275 2824 288 2847 5
317 2816 346 2840 di
366 2816 476 2841 Parma.
1353 2814 1364 2831 ⁶
1384 2816 1539 2841 Ghiaruola
1563 2816 1675 2841 castello
1701 2817 1746 2841 nel
1770 2823 1889 2841 comune
1913 2816 1942 2840 di
1963 2815 2118 2840 Collecchio
2143 2823 2158 2839 a

404 2856 415 2872 ‘²
433 2858 566 2890 Poviglio
585 2867 600 2883 a
623 2866 652 2890 13
673 2860 721 2884 kil.
742 2859 809 2884 S-O.
830 2860 865 2883 da
884 2859 1037 2884 Guastalla.
1269 2864 1299 2890 15
1320 2859 1367 2883 kil.
1388 2858 1455 2882 s-O.
1475 2859 1509 2882 da
1529 2859 1637 2882 Parma.

405 2898 416 2915 3
434 2901 552 2924 Sorbolo
571 2908 587 2925 a
611 2908 642 2925 10
660 2902 710 2926 kil.
729 2902 834 2925 E-N-E.
854 2902 888 2925 da
907 2901 1017 2926 Parma.
1354 2898 1363 2915 Τ
1384 2900 1540 2924 Torchiara
1559 2900 1695 2932 villaggio
1722 2900 1766 2923 nel
1787 2907 1907 2923 comune
1926 2899 1955 2923 di
1975 2899 2158 2930 Langhirano

406 2941 415 2957 ⁴
435 2942 606 2968 Castelnovo
625 2943 654 2967 di
674 2945 748 2967 sotto
769 2951 784 2967 a
807 2949 836 2973 15
858 2943 906 2968 kil.
926 2943 960 2967 da
980 2943 1086 2975 ReggIO
1100 2943 1211 2968 Emilia.
1265 2951 1281 2967 a
1304 2947 1334 2973 17
1353 2942 1401 2967 kil.
1421 2942 1446 2966 S.
1469 2942 1503 2966 da
1524 2943 1632 2967 Parma.

2181 787 2218 816 10

2182 1049 2218 1081 15

2179 1315 2222 1345 20

2180 1579 2220 1610 25

2180 2110 2220 2141 35

2182 2376 2223 2407 40

2190 2826 2220 2844 10
