2307 3592
70 926 108 956 10

72 1188 108 1220 15

68 1453 109 1484 20

69 1719 87 1748 [Ο

93 1716 110 1748 υι

70 1984 112 2014 30

71 2247 111 2280 35

73 2515 114 2545 40

131 245 215 280 [ΑΑ.
237 246 433 280 1254-1255]
763 237 1075 274 CHRONICON
1105 236 1336 272 ESTENSE
1923 238 1969 271 25

131 372 259 404 Audita
282 372 384 414 igitur
407 377 515 403 morte
538 371 730 403 Innocentii
754 377 787 403 et
810 370 1047 403 substitutione
1072 369 1271 407 Alexandri,
1289 380 1366 400 cum
1383 368 1502 400 maiori
1520 368 1656 400 audatia
1674 369 1766 410 cepit
1781 368 1973 402 Ecclesiam

132 425 166 456 in
188 424 325 467 Apulea
349 434 556 467 expugnare,
579 425 670 456 vires
693 424 763 455 eius
788 424 912 455 cotidie
937 422 1178 459 subvertendo,
1193 422 1287 454 cuius
1305 420 1448 453 audacia
1466 427 1499 452 et
1522 421 1710 464 sagacitate
1728 421 1846 463 Apulii
1869 432 1974 463 pave-

132 478 217 510 facti
240 488 260 508 a
283 477 466 509 devotione
490 487 630 509 romane
653 476 812 508 Ecclesie
838 477 1064 513 discedentes,
1088 474 1235 516 principi
1259 474 1433 506 humiliter
1464 474 1685 506 adherebant.
1732 474 1829 516 Papa
1860 474 1974 516 itaque

130 529 341 567 Alexander,
367 530 533 562 ordinatis
557 530 755 571 capitaneis,
781 539 857 560 cum
882 529 1005 560 militia
1027 528 1168 566 infinita,
1193 527 1252 570 qui
1276 527 1444 559 deberent
1468 526 1712 559 contumatiam
1730 533 1764 559 et
1779 537 1976 569 processum

132 582 298 624 principis
321 582 482 624 coybere,
506 582 624 614 exiens
647 582 689 613 de
707 581 855 623 Neapoli
882 581 927 612 ad
942 587 1058 622 partes
1074 580 1264 621 Campanie
1281 580 1490 621 properavit.
1537 579 1740 611 Manfredus
1763 585 1876 611 autem
1894 589 1978 621 opus

131 635 306 676 inceptum
330 645 530 667 consumare
554 635 743 673 intendens,
769 634 880 673 armis,
905 633 1112 670 muneribus,
1138 640 1172 664 et
1195 632 1394 675 ambagibus
1418 632 1604 664 exercitum
1628 632 1785 665 Ecclesie
1809 632 1858 663 ita
1881 631 1977 663 debi-

133 688 230 719 litare
256 688 396 725 curavit,
421 687 533 719 donec
557 688 667 729 ipsum
691 688 734 718 de
760 697 866 729 regno
891 687 1034 728 turpiter
1057 691 1089 717 et
1125 686 1310 717 efeminate
1347 685 1462 727 coegit
1486 685 1589 723 exire,
1613 685 1725 717 taliter
1756 685 1849 727 quod
1877 685 1979 716 totius

133 741 231 783 regni
254 741 388 782 paterni
414 740 561 772 obtinuit
583 740 811 781 principatum
835 740 869 770 in
892 738 1121 780 preiudicium
1145 745 1179 770 et
1202 748 1388 780 gravamen
1413 738 1582 770 Ecclesie.

968 843 1146 876 MCCLV.

220 925 306 957 Cum
330 925 382 956 vir
405 926 642 958 devotissimus
658 926 739 958 abas
756 924 938 962 Arnaldus„
962 924 1149 956 honestatis
1172 924 1285 956 forma
1302 931 1335 956 et
1351 924 1530 967 religionis
1546 924 1735 957 monastice
1752 925 1929 967 speculum
1947 932 1981 957 et

133 979 319 1019 exemplar,
342 984 420 1010 octo
447 989 554 1010 annos
579 984 612 1010 et
636 984 703 1009 tres
726 987 861 1009 meuses
885 977 918 1007 in
944 986 1083 1008 carcere
1108 976 1292 1009 tenebroso
1316 984 1348 1008 et
1379 977 1414 1008 in
1445 977 1589 1009 vinculis
1613 984 1855 1016 consumasset,
1884 977 1980 1010 circa

132 1029 417 1072 septuagesimum
440 1030 510 1062 vite
534 1041 592 1061 sue
617 1041 752 1068 annum,
777 1029 833 1061 die
858 1039 882 1059 x
905 1028 1081 1066 februarii,
1107 1029 1164 1070 qui
1181 1034 1261 1060 tunc
1280 1029 1344 1060 fuit
1359 1029 1487 1070 primus
1504 1029 1577 1060 dies
1601 1029 1873 1072 quadragesime,
1890 1029 1982 1072 apud

132 1081 283 1114 Axlum¹
308 1083 455 1115 feliciter
479 1083 634 1126 migravit
657 1084 701 1115 ad
717 1083 910 1114 Dominum.
957 1082 1161 1113 Imminente
1186 1093 1268 1114 vero
1285 1082 1370 1114 hora
1387 1082 1599 1125 migrationis
1616 1082 1696 1120 eius,
1715 1094 1781 1125 que
1798 1083 1863 1115 fuit
1887 1084 1982 1116 circa

133 1134 330 1173 diluculum,
355 1136 441 1168 sicut
464 1136 590 1167 fratres
613 1136 768 1167 Minores
798 1135 860 1166 viri
892 1134 1102 1166 devotissimi
1134 1134 1233 1166 nobis
1264 1134 1411 1166 fideliter
1442 1134 1639 1174 retulerunt,
1667 1136 1763 1167 multi
1794 1136 1829 1167 in
1861 1136 1981 1168 castris

134 1188 384 1221 imminentibus
407 1189 591 1227 constituti,
616 1189 776 1220 viderunt
799 1187 978 1219 manifeste
1004 1188 1107 1230 ignea
1130 1188 1227 1230 signa
1252 1187 1294 1219 ab
1319 1188 1437 1220 hetere
1462 1187 1681 1221 descendisse
1698 1189 1743 1220 ad
1767 1189 1873 1221 instar
1896 1190 1980 1221 dua-

132 1252 206 1272 rum
230 1241 422 1273 ardentium
446 1241 648 1278 facularum,
673 1251 739 1283 que
755 1250 859 1282 super
876 1250 1053 1272 carcerem
1070 1240 1142 1272 eius
1159 1246 1226 1272 tam
1251 1241 1309 1272 diu
1335 1246 1508 1278 steterunt,
1523 1241 1636 1272 donec
1659 1241 1718 1272 illa
1735 1247 1852 1273 sancta
1869 1248 1902 1274 et
1916 1242 1982 1274 Dei

134 1293 269 1326 delecta
293 1294 406 1326 anima
430 1294 543 1326 carnis
566 1294 706 1325 vinculo
731 1300 782 1325 est
805 1293 924 1325 soluta.
971 1293 1218 1336 significativa,
1236 1303 1328 1331 sane,
1345 1295 1433 1325 sicut
1449 1294 1589 1326 firmiter
1606 1293 1820 1333 arbitramur,
1837 1295 1896 1326 illa
1913 1295 1981 1326 duo

132 1347 230 1389 signa
253 1348 394 1379 fuerunt
417 1347 564 1389 duplicis
587 1347 735 1384 aureole,
761 1357 828 1388 qua
850 1347 903 1378 vir
926 1347 1047 1378 beatus
1072 1352 1123 1377 est
1146 1357 1165 1378 a
1188 1346 1336 1378 Domino
1360 1346 1395 1377 in
1423 1347 1540 1378 celesti
1570 1347 1664 1378 curia
1694 1347 1784 1379 inter
1815 1353 1983 1391 martyres

133 1405 167 1430 et
188 1399 338 1443 virgines
361 1406 554 1431 coronatus.
600 1400 756 1441 Corpore
780 1399 949 1442 siquidem
975 1405 1009 1430 et
1033 1399 1145 1430 animo
1170 1399 1237 1430 fuit
1259 1399 1366 1442 virgo,
1396 1400 1484 1431 sicut
1507 1399 1714 1437 sacerdotes,
1733 1399 1854 1442 quibus
1878 1400 1984 1432 confi-

132 1452 276 1490 tebatur,
301 1451 445 1495 'liquido
470 1453 685 1494 profitentur:
711 1463 789 1483 nam
813 1463 926 1494 neque
949 1451 1067 1490 verbo,
1093 1462 1204 1494 neque
1229 1452 1322 1484 facto
1346 1463 1494 1494 unquam
1518 1453 1755 1485 dehonestavit
1771 1453 1805 1484 in
1828 1453 1909 1485 vitio
1934 1453 1983 1484 lu—

132 1505 227 1537 xurie
251 1505 303 1537 sui
325 1505 444 1537 'animi
467 1506 668 1547 puritatem3
694 1505 811 1537 martir
834 1515 918 1537 vero
935 1506 1056 1537 merito
1079 1511 1193 1547 potest
1218 1505 1299 1544 dici,
1318 1506 1398 1547 quia
1413 1506 1585 1547 patienter
1609 1512 1642 1538 et
1666 1506 1869 1538 innocenter
1885 1506 1985 1538 susti-

133 1558 206 1589 nuit
229 1558 367 1602 longam
391 1559 540 1591 carceris
562 1559 767 1600 passionem.
813 1559 853 1590 In
876 1559 950 1600 ipsa
974 1565 1087 1590 autem
1113 1558 1260 1591 carceris
1285 1559 1442 1601 angustia
1467 1559 1682 1596 constitutus,
1707 1565 1775 1591 tam
1803 1560 1983 1592 custodum

134 1621 235 1653 quam
259 1622 295 1643 se
319 1611 529 1643 vixitantium
553 1612 718 1643 affectum
741 1613 788 1643 ita
813 1611 995 1653 quamdam
1019 1612 1197 1644 lenitatem
1219 1612 1487 1643 mansuetudinis
1504 1612 1693 1651 atrahebat,
1710 1618 1747 1644 ut
1764 1612 1807 1644 ab
1831 1612 1986 1644 omnibus

134 1665 256 1696 merito
280 1671 458 1696 amaretur.
505 1665 594 1696 Nam
620 1676 698 1696 cum
721 1665 843 1696 eodem
868 1676 970 1703 anno,
995 1675 1062 1707 quo
1087 1666 1130 1697 de
1156 1666 1221 1696 hac
1250 1665 1319 1697 vita
1351 1671 1424 1697 erat
1455 1665 1616 1704 exiturus,
1648 1666 1778 1697 nullum
1808 1666 1984 1708 proprium

134 1716 293 1750 habuerit
315 1718 530 1756 servientem,
555 1718 598 1749 ab
623 1718 781 1749 omnibus
806 1718 896 1750 enim
920 1719 1033 1750 fuerat
1057 1718 1242 1750 derelictus
1272 1725 1416 1760 propter
1446 1719 1629 1750 immanem
1664 1718 1795 1750 rabiem
1824 1719 1986 1751 sevientis

135 1770 305 1812 tyranpni,
330 1771 387 1812 qui
410 1777 627 1812 preceperat,
652 1781 694 1803 ne
718 1771 842 1813 aliquis
866 1771 898 1802 ei
923 1772 967 1802 ad
991 1771 1269 1802 manducandum
1294 1770 1424 1813 aliquid
1448 1770 1603 1803 exiberet
1626 1771 1692 1802 nisi
1717 1781 1844 1813 panem
1875 1777 1985 1803 artum

136 1829 170 1855 et
192 1834 314 1866 aquam
337 1823 493 1861 brevem;
517 1823 783 1855 nichilhominus
807 1830 920 1856 tamen
945 1823 1105 1856 custodes
1130 1824 1279 1856 carceris
1303 1825 1431 1866 pietate
1457 1825 1629 1863 commoti,
1655 1825 1770 1856 omm'a
1794 1825 1824 1857 ei
1849 1825 1984 1856 occulte

134 1876 353 1908 humanitatis
377 1876 542 1919 obsequia
564 1876 760 1909 exibebant.
807 1876 865 1909 Ad
889 1877 975 1909 tanti
999 1883 1110 1909 autem
1133 1878 1198 1909 viri
1214 1877 1431 1910 venerabiles
1447 1877 1610 1920 exequias
1628 1877 1853 1910 celebrandas
1868 1878 1904 1909 in
1927 1877 1985 1909 die

135 1929 247 1962 obitus
271 1930 433 1962 convenit
455 1930 633 1972 utriusque
657 1940 768 1962 sessus
792 1941 862 1962 non
885 1930 1023 1962 minima
1039 1930 1214 1962 hominum
1231 1930 1428 1968 multitud03
1447 1937 1481 1962 et
1498 1940 1575 1962 cum
1591 1930 1785 1962 reverentia
1803 1936 1837 1962 et
1852 1931 1984 1963 honore

136 1993 262 2024 corpus
284 1983 356 2014 eius
388 1983 636 2015 sanctissimum
661 1982 705 2014 ad
729 1984 874 2015 fratrum
897 1983 1069 2015 Minorum
1103 1984 1285 2015 ecclesiam
1318 1984 1526 2022 deferentes,
1558 1983 1732 2026 sepulture
1766 1983 1984 2015 devotissime

135 2036 359 2068 tradiderunt.
406 2036 507 2068 Multi
533 2046 614 2068 vero
648 2043 713 2068 tam
747 2036 810 2068 viri
841 2047 943 2079 quam
974 2036 1134 2068 mulieres
1166 2037 1241 2078 pias
1275 2037 1431 2068 lacrimas
1463 2036 1700 2076 effundebant,
1731 2036 1987 2068 reminiscentes

136 2089 199 2120 viri
221 2080 288 2120 Dei
312 2089 583 2131 compassionem
607 2096 639 2121 et
663 2089 880 2121 dulcedinem
905 2096 938 2121 et
963 2089 1066 2121 animi
1089 2090 1283 2127 lenitatem;
1308 2090 1472 2132 multique
1497 2089 1670 2127 dicebant,
1687 2090 1751 2131 ipsi
1775 2100 1848 2122 esse
1876 2089 1988 2132 potius

138 2143 436 2185 congaudendum,
462 2143 556 2185 quod
580 2149 668 2175 esset
692 2154 712 2174 a
735 2143 836 2174 tantis
860 2143 1023 2186 angustiis
1046 2143 1211 2174 liberatus
1229 2150 1262 2175 et
1284 2143 1419 2186 gaudiis
1442 2142 1593 2184 paradisi
1615 2143 1796 2175 frueretur.

222 2195 306 2228 Post
329 2196 575 2239 quinquaginta
598 2206 680 2228 vero
706 2196 779 2227 dies
803 2196 846 2228 ab
871 2196 941 2228 eius
966 2196 1061 2228 obitu
1084 2196 1193 2228 visum
1216 2196 1282 2228 fuit
1304 2196 1478 2235 fratribus,
1495 2196 1588 2238 quod
1606 2196 1677 2228 eius
1695 2196 1935 2238 corpusculum
1952 2197 1987 2228 in

136 2248 331 2290 sepulcrum
354 2255 511 2290 paratum
534 2249 713 2280 decentius
737 2248 878 2280 deberet
894 2249 1082 2281 transferri.
1128 2249 1405 2281 Procuraverunt
1429 2254 1541 2281 autem
1566 2248 1676 2280 noctis
1700 2248 1857 2281 scilentio
1881 2249 1990 2281 homi-

137 2311 198 2332 nes
223 2302 453 2334 conductitios
477 2301 639 2333 adhibere
665 2302 709 2334 ad
733 2302 798 2333 hoc
823 2302 996 2344 negotium
1020 2303 1266 2345 peragendum,
1290 2302 1493 2333 extimantes
1517 2312 1642 2343 corpus
1670 2302 1843 2343 putridum
1867 2309 1901 2334 et
1927 2312 1989 2344 pe—

137 2354 227 2386 nitus
249 2354 462 2386 tabefactum
485 2355 626 2386 odorem
649 2354 910 2386 intollerabilem
935 2354 1082 2386 exalare.
1128 2354 1333 2396 Aperientes
1349 2355 1465 2397 itaque
1491 2354 1650 2392 loculum,
1669 2365 1735 2396 quo
1759 2355 1816 2396 pia
1846 2355 1989 2387 menbra

137 2406 340 2439 tenebantur
363 2408 510 2446 inclusa,
536 2414 570 2440 et
594 2408 686 2439 nulla
709 2408 899 2450 putredinis
923 2414 957 2439 et
981 2408 1191 2449 coruptionis
1214 2408 1371 2439 videntes
1387 2408 1539 2450 vestigia,
1556 2414 1671 2449 preter
1695 2407 1877 2450 quamdam
1893 2408 1988 2441 albe-

138 2460 253 2492 dinem
277 2461 321 2492 ad
344 2461 482 2493 modum
507 2461 676 2503 lanuginis
702 2461 794 2492 circa
816 2461 1000 2502 palpebras
1025 2461 1212 2498 oculorum,
1237 2461 1498 2492 admirationem
1522 2461 1702 2492 maximam
1726 2460 1936 2499 habuerunt3
1955 2468 1988 2493 et

139 2513 338 2545 convocatis
360 2514 493 2545 cunctis
517 2514 561 2545 de
586 2514 687 2546 domo
713 2513 756 2545 ad
779 2514 847 2546 hoc
870 2514 1080 2553 miraculum,
1104 2514 1311 2546 unanimiter
1334 2513 1446 2546 Deum
1462 2514 1707 2551 laudaverunt3
1725 2514 1783 2556 qui
1798 2514 1832 2545 in
1850 2515 1986 2547 Sanctis

138 2572 189 2598 est
211 2565 410 2598 mirabiliter
433 2567 610 2609 gloriosus.
658 2567 739 2598 Post
761 2573 874 2599 autem
898 2566 932 2597 in
956 2567 1115 2608 sepulcro
1140 2567 1314 2609 condigno
1337 2572 1458 2608 parato
1483 2566 1574 2598 beati
1598 2567 1661 2598 viri
1685 2577 1811 2609 corpus
1826 2578 1988 2600 reveren-

138 2619 264 2652 tissime
289 2619 527 2651 condiderunt.

229 2725 251 2743 2.
271 2719 405 2750 Apuleam
425 2721 454 2742 in
471 2719 495 2742 A
508 2732 519 2736 -
533 2719 646 2743 audacia
664 2718 677 2740 ἐ
692 2722 766 2749 proso
787 2719 861 2750 dagli
879 2719 972 2744 ANK:
993 2726 1040 2742 om.
1054 2719 1111 2742 AB
1124 2719 1203 2743 MUR.
1217 2732 1249 2736 —
1264 2724 1288 2750 5.
1303 2727 1316 2742 e
1336 2720 1366 2742 di
1378 2719 1500 2750 Neapoli
1514 2720 1543 2741 in
1556 2719 1580 2741 A
1594 2720 1720 2750 aggiunto
1733 2719 1776 2742 sul
1788 2720 1845 2751 rzgo
1861 2733 1893 2736 —
1906 2719 1930 2743 6.
1947 2723 1989 2743 tra

140 2761 167 2784 et
179 2760 212 2782 ed
223 2762 374 2784 exercitum
395 2769 446 2784 uno
464 2761 548 2791 spazz'o
567 2762 656 2784 bianco
671 2762 714 2783 nel
731 2761 819 2783 codici.
852 2760 994 2791 Laparola
1007 2760 1170 2792 ambagibus
1182 2761 1195 2783 ὲ
1209 2760 1272 2784 totta
1285 2761 1362 2791 dagli
1379 2762 1457 2784 Amr.
1470 2769 1474 2788 ς
1496 2760 1573 2784 McR.
1593 2760 1733 2792 ambagiis
1748 2774 1779 2777 —
1796 2766 1820 2791 7.
1839 2760 1988 2785 efeminate

140 2802 153 2824 e*
172 2802 198 2824 la
218 2802 312 2825 lezione
331 2803 403 2834 degli
420 2803 511 2831 Axx.;
532 2802 670 2826 efrainate
684 2803 707 2825 A
717 2812 727 2829 ,·
746 2802 878 2826 effrenate
890 2803 968 2827 MUR.
983 2817 1015 2820 —
1032 2809 1072 2826 10.
1086 2803 1114 2826 et
1128 2801 1286 2834 religionis]
1308 2803 1357 2825 cosi
1371 2803 1457 2825 hanno
1468 2802 1511 2833 gli
1530 2802 1624 2832 “RN-⁸23
1640 2802 1788 2834 religiosus
1801 2803 1825 2825 Α
1836 2803 1862 2826 Β
1875 2804 1953 2828 MUR.
1965 2817 1997 2820 —

143 2849 185 2874 23.
203 2844 348 2868 lenitatem
368 2845 448 2869 MUR.
467 2845 559 2873 Ακὶιη
581 2845 721 2868 levitatem
742 2843 766 2867 A
787 2857 819 2862 —-
840 2849 880 2875 25.
902 2845 1012 2869 inanem
1032 2845 1074 2871 A:
1092 2844 1243 2868 immanem
1264 2846 1341 2869 Mna.
1362 2845 1438 2876 dagli
1462 2846 1538 2868 ANK.
1581 2844 1638 2867 Cosi
1664 2845 1814 2875 sevientis;
1840 2846 1990 2870 servientis

141 2886 165 2908 A
184 2901 215 2904 —
237 2885 277 2910 26.
297 2887 390 2910 artum
409 2888 438 2909 irz
456 2887 480 2909 A
497 2887 587 2910 scritto
597 2887 810 2917 posteriormente
829 2886 875 2909 dal
892 2887 987 2917 copista
1006 2890 1081 2917 sopra
1100 2894 1151 2909 uno
1169 2888 1254 2917 spacio
1275 2886 1380 2910 last-sato
1400 2888 1428 2909 in
1442 2887 1531 2910 bianco
1546 2900 1577 2903 —-
1592 2892 1634 2916 27.
1648 2886 1759 2910 brevem
1779 2888 1808 2910 in
1827 2888 1851 2910 Α
1870 2896 1901 2910 sn
1914 2889 1989 2910 abra-

141 2928 211 2950 sione
226 2941 257 2944 -
277 2933 319 2958 32.
338 2928 481 2952 levitatem
499 2928 522 2950 A
537 2941 569 2945 —
583 2932 626 2958 37.
639 2929 809 2958 Aperientes
823 2928 899 2952 Mun.
915 2928 990 2960 dagli
1003 2929 1097 2957 Αὶῦη
1112 2928 1250 2959 Aponens
1263 2928 1286 2951 Α

232 2996 240 3013 ¹
259 2999 347 3023 Asolo
367 3006 383 3022 a
403 2998 531 3024 nord-est
550 3000 579 3024 di
598 3000 731 3025 Bassano.

2060 1463 2134 1485 Mum,
2151 1462 2188 1482 317
