2297 3476
163 2230 182 2245 c.
199 2228 246 2247 73¹1!

324 178 367 217 84
957 174 1267 210 CHRONICON
1295 174 1462 209 ESTEN
1466 173 1525 208 SE
1854 179 1937 215 [AA.
1959 181 2154 214 1:314-1315]

321 319 398 339 men
430 307 668 340 paduanorum
697 313 731 338 et
754 306 905 338 debilem
930 305 1129 343 custodiam,
1156 311 1365 346 acceperunt
1389 305 1539 347 quinque
1573 311 1768 337 carceratos
1799 306 1963 344 homines,
1987 306 2045 348 qui
2075 316 2156 338 con-

325 361 464 402 depnati
490 366 586 392 erant
613 361 656 391 ad
689 360 804 390 furcas
827 359 1009 400 suspendi;
1036 364 1068 389 et
1091 363 1322 399 pepercerunt
1347 358 1395 389 eis
1419 358 1534 397 vitam,
1559 364 1592 389 et
1615 358 1704 390 ultra
1727 359 1793 390 hoc
1819 358 1990 391 dederunt
2013 358 2158 391 cuilibet

321 415 471 455 ipsorum
505 418 538 444 et
571 413 784 444 donaverunt
815 411 920 443 libras
955 421 974 442 0
1005 421 1200 452 parvorum,
1227 416 1264 442 ut
1295 410 1359 452 ipsi
1393 411 1574 442 transirent
1603 411 1692 442 ultra
1723 411 1848 443 flumen
1878 411 2099 449 Bachilionis,
2125 419 2158 444 et

320 467 432 508 ignem
457 471 668 507 apponerent
692 465 727 495 in
751 464 846 496 (11010
871 464 1026 495 exercitu
1050 463 1302 501 Paduanorum,
1327 469 1361 495 et
1384 463 1434 494 sic
1458 464 1634 501 fecerunt;
1659 469 1710 495 set
1732 464 1800 495 iam
1816 464 1986 496 mixerant
2008 474 2071 506 per
2095 465 2157 496 do-

318 519 443 550 minum
468 518 608 556 Canem,
633 517 724 559 quod
748 517 796 548 ibi
820 516 1044 558 personaliter
1068 517 1269 548 accederet:
1310 515 1364 547 Illi
1389 516 1431 547 de
1457 517 1609 548 exercitu
1634 516 1818 549 existentes
1846 516 1880 548 in
1905 517 2013 560 burgo
2037 518 2082 550 ad
2107 518 2158 548 ni-

319 571 443 603 chilum
467 570 700 608 attendebant,
725 570 789 601 nisi
812 570 858 601 ad
881 569 1078 601 faciendum
1103 569 1216 600 eridas
1232 569 1315 607 fieri,
1341 575 1376 600 et
1398 575 1561 611 precepta
1585 569 1807 608 strictissima,
1825 570 1918 612 quod
1934 580 2053 601 omnes
2077 570 2158 602 dicti

319 625 487 655 exercitus
511 624 554 655 de
578 622 692 665 Burgo
716 623 930 659 recederent,
956 627 990 654 et
1021 622 1173 654 redirent
1203 622 1248 654 ad
1281 623 1468 654 custodiam
1502 622 1616 664 campi
1644 628 1784 664 propter
1808 623 1965 654 timorem
1996 623 2093 665 ignis,
2127 629 2160 654 et

317 677 459 708 aliorum
483 676 699 708 inimicorum
725 675 941 707 existentium
966 675 1001 706 in
1026 674 1182 712 civitate3
1207 681 1380 718 tamquam
1404 675 1431 706 si
1447 675 1591 707 fuissent
1607 675 1735 717 previsi
1752 675 1905 717 posuisse
1922 681 2002 707 ante
2018 680 2158 717 pontem

316 729 460 761 civitatis
492 738 538 760 xx
569 729 624 760 vel
656 738 730 759 xxx
763 738 889 766 currus,
922 727 1033 759 securi
1065 727 1201 759 stabant
1231 728 1265 759 in
1297 738 1429 769 campo.
1476 728 1614 760 Interim
1650 728 1743 760 circa
1778 728 1897 760 horam
1935 738 2059 760 nonam
2097 728 2159 760 do—

318 783 427 814 minus
452 781 555 814 Canis
579 782 622 814 de
648 782 679 813 la
703 781 805 814 Scala
828 781 920 813 venit
943 780 1169 823 personaliter
1191 781 1226 812 in
1251 781 1342 813 dicta
1367 781 1503 813 civitate
1530 782 1621 813 solus
1652 791 1757 823 super
1787 782 1934 823 quadam
1964 792 2069 824 equa3
2101 782 2159 813 alii

318 841 498 877 sequentes
521 845 597 867 eum
623 835 666 867 de
695 835 762 866 suis
793 839 890 865 erant
921 835 1035 866 adhuc
1066 845 1086 865 a
1110 834 1222 877 longe.
1269 834 1369 866 Tunc
1401 834 1461 866 illa
1483 835 1568 866 hora
1591 835 1684 866 cives
1715 841 1749 866 et
1780 835 1934 866 forenses
1957 835 2160 876 inceperunt

324 888 489 919 clamare:
514 888 610 920 Vivat
625 888 720 919 vivat
742 888 892 918 dominus
908 891 1027 918 noster.
1053 887 1182 918 Gentes
1206 887 1375 919 exercitus
1391 886 1633 919 Paduanorum
1651 887 1828 920 audientes
1845 887 2029 919 clamorem
2058 888 2092 918 in
2115 887 2164 918 ci-

318 941 420 973 vitate
444 941 626 972 timuerunt
651 947 684 972 et
707 940 816 984 magis
839 939 1072 972 sollicitabant
1087 945 1180 977 tunc,
1206 941 1299 982 quod
1322 946 1442 982 gentes
1466 950 1583 972 eorum
1608 941 1814 973 recederent
1837 941 1882 972 de
1907 940 2026 983 burgo.
2063 940 2164 972 Tunc

318 994 472 1026 dominus
497 992 601 1025 Canis
625 993 783 1025 ascendit
806 993 923 1024 turrim
940 993 1042 1024 altam
1067 993 1230 1031 comunis,
1248 993 1434 1034 respiciens
1459 993 1657 1031 exercitum,
1682 993 1830 1035 qualiter
1853 993 2005 1030 stabant3
2030 999 2063 1024 et
2086 1004 2163 1035 per-

317 1047 471 1089 pendens
496 1058 613 1078 eorum
637 1047 762 1077 malum
787 1045 956 1084 ordinem,
981 1045 1162 1077 descendit
1193 1045 1237 1077 de
1269 1046 1351 1077 turri
1384 1052 1417 1077 et
1449 1046 1604 1078 ascendit
1628 1046 1739 1078 statim
1769 1057 1891 1088 equum
1916 1057 2012 1078 suum
2036 1046 2162 1078 bonum

317 1110 393 1131 cum
416 1100 535 1141 paucis
559 1099 602 1130 de
627 1099 694 1130 suis
718 1099 812 1130 circa
835 1108 934 1130 Lxxx
958 1104 991 1130 et
1014 1099 1181 1130 recedens
1205 1098 1344 1130 civitate
1362 1109 1439 1130 cum
1463 1099 1532 1130 suis
1556 1099 1684 1140 paucis,
1713 1099 1826 1131 statim
1850 1099 2001 1130 adcessit
2023 1099 2068 1130 ad
2091 1099 2164 1130 dic-

316 1159 387 1184 tum
411 1153 562 1194 Burgum
586 1152 693 1184 sancti
716 1152 820 1189 Petri,
846 1162 914 1183 non
931 1162 993 1193 per
1009 1151 1099 1182 viam
1114 1157 1255 1190 rectam,
1270 1162 1385 1195 ymmo
1402 1152 1498 1184 venit
1513 1163 1575 1194 per
1599 1152 1744 1194 burgum
1761 1152 1901 1183 Lixerie
1918 1152 2010 1184 iuxta
2025 1152 2162 1183 foveam

319 1206 404 1238 dicti
428 1205 540 1247 burgi,
565 1205 624 1236 ubi
647 1205 778 1237 invenit
802 1204 974 1237 dominum
999 1205 1159 1237 Vannem
1185 1205 1415 1248 Scornecano,
1441 1205 1498 1247 qui
1524 1205 1719 1247 expellebat
1737 1215 1815 1237 suos
1839 1205 1881 1236 de
1906 1204 2025 1247 burgo,
2049 1210 2087 1236 ut
2109 1215 2164 1236 re-

320 1259 434 1291 dirent
458 1259 503 1290 ad
527 1258 724 1290 exercitum.
771 1258 871 1289 Tunc
895 1258 955 1289 ille
979 1257 1107 1299 probus
1132 1258 1288 1290 dominus
1313 1257 1469 1290 dominus
1493 1258 1597 1290 Canis
1614 1258 1713 1290 irruit
1736 1258 1772 1289 in
1797 1268 1854 1290 eos
1880 1268 1956 1289 cum
1982 1258 2061 1296 suis,
2084 1268 2163 1300 per-

318 1311 450 1343 cutiens
473 1311 646 1343 dominum
671 1311 829 1342 Vannem
855 1320 932 1342 cum
957 1311 1036 1349 suis,
1060 1310 1117 1353 qui
1142 1316 1239 1342 erant
1269 1310 1364 1342 circa
1395 1321 1453 1349 XL,
1479 1316 1513 1342 et
1543 1320 1660 1342 omnes
1683 1311 1801 1354 fugam
1830 1310 2048 1352 arripuerunt
2070 1316 2165 1342 extra

317 1370 451 1407 portam
477 1370 510 1396 et
532 1370 681 1406 pontem,
705 1363 762 1395 ubi
787 1370 884 1396 erant
908 1364 1032 1395 vexilla
1054 1370 1087 1395 et
1110 1364 1234 1396 milites
1251 1364 1379 1402 Padue‚
1406 1364 1462 1406 qui
1487 1375 1628 1396 numero
1662 1370 1758 1396 erant
1790 1364 1882 1395 eirca
1912 1373 1968 1395 MM
1999 1363 2086 1395 bene
2111 1374 2164 1394 31-

316 1417 399 1450 111311
423 1417 569 1455 insimul,
594 1417 666 1449 sine
691 1417 767 1455 illis,
792 1417 851 1459 qui
881 1428 944 1458 per
975 1417 1044 1449 alia
1074 1418 1152 1449 loca
1184 1423 1217 1448 et
1249 1427 1387 1458 campos
1420 1417 1621 1455 existebant,
1654 1423 1688 1449 et
1718 1416 1825 1449 eciam
1857 1417 2003 1459 populus
2033 1415 2164 1456 Padue‚

318 1471 377 1513 qui
401 1469 686 1511 computabantur
710 1470 802 1501 01103
827 1472 907 1502 xxm.
956 1469 1026 1507 Qui
1058 1469 1214 1502 dominus
1245 1469 1397 1509 Vannes,
1428 1470 1563 1513 fugiens
1594 1475 1690 1502 extra
1712 1475 1861 1512 pontem,
1886 1469 2053 1512 percussit
2076 1469 2164 1501 111101·

318 1524 441 1555 milites
464 1523 592 1562 Padue‚
619 1523 677 1565 qui
701 1529 797 1555 erant
820 1523 913 1555 iuxta
937 1523 1049 1564 capud
1072 1523 1196 1565 pontis,
1214 1523 1263 1555 sic
1281 1523 1373 1565 quod
1388 1524 1533 1565 ipsemet
1557 1523 1660 1566 fregit
1675 1533 1753 1555 suos
1769 1523 1906 1566 fugiens
1928 1533 1990 1565 per
2013 1523 2162 1554 medium

2188 783 2225 813 10

2191 1045 2226 1077 15

2189 1312 2230 1341 20

318 1577 469 1613 1110111111;
495 1586 600 1618 quare
625 1576 721 1607 multi
746 1575 945 1608 ceciderunt
973 1576 1007 1607 in
1030 1576 1130 1608 fossis
1155 1576 1340 1608 clamantes
1365 1576 1537 1608 auxilium.
1584 1577 1628 1607 Et
1648 1576 1705 1607 ille
1723 1576 1881 1608 dominus
1905 1575 2019 1614 Canis,
2042 1575 2164 1607 videns
2187 1575 2227 1606 25

319 1631 383 1661 hec
408 1635 442 1661 et
465 1629 607 1660 audiens
623 1640 726 1661 voces
742 1629 886 1668 illorum,
911 1629 1024 1661 statim
1042 1629 1138 1661 dedit
1153 1639 1278 1661 nomen
1302 1629 1370 1661 suis
1390 1629 1565 1661 militibus:
1591 1639 1709 1661 omnes
1733 1629 1872 1660 milites:
1897 1627 2006 1671 Scala,
2032 1634 2065 1661 et
2087 1639 2165 1671 per·-

319 1689 438 1726 gentes
463 1688 581 1715 contra
603 1682 761 1714 inimicos
786 1682 977 1714 clamabant
1001 1683 1171 1715 dicentes:
1197 1683 1396 1715 Moriuntur
1427 1683 1621 1714 traditores.
1667 1682 1711 1714 Et
1734 1682 1876 1714 viriliter
1911 1682 2078 1723 percussit
2105 1692 2164 1714 eos

320 1743 353 1768 et
377 1736 584 1768 occidebant
609 1741 643 1767 et
667 1735 847 1777 capiebant
871 1745 931 1767 eos
954 1735 1041 1768 sicut
1063 1735 1217 1777 pecudes
1225 1748 1234 1773 3
1267 1747 1373 1778 quare
1399 1746 1517 1768 omnes
1544 1737 1588 1768 de
1621 1736 1775 1768 exercitu
1798 1736 1915 1779 fugam
1947 1736 2170 1777 arripuerunt-

320 1795 353 1821 et
377 1788 527 1821 conflicti
551 1794 628 1820 sunt
659 1794 693 1820 et
723 1788 847 1820 mortui
872 1794 905 1820 et
933 1789 1026 1830 capti
1057 1788 1153 1820 circa
1183 1799 1221 1827 M,
1249 1789 1339 1820 inter
1369 1799 1454 1831 quos
1477 1788 1543 1821 fuit
1574 1788 1732 1821 dominus
1761 1788 1912 1831 Jacobus
1939 1788 1982 1820 de
2016 1788 2168 1827 Cararia,

324 1842 480 1874 dominus
503 1841 642 1873 Vannes
668 1841 897 1884 Scomacano,
922 1852 975 1873 ser
998 1841 1203 1873 Muxactusl
1229 1853 1307 1874 cum
1329 1841 1482 1883 pluribus
1506 1841 1579 1873 aliis
1604 1840 1734 1873 civibus
1761 1841 1889 1873 Padue‚
1935 1841 2085 1883 Campus
2115 1851 2168 1873 re-

322 1895 443 1926 mansit
466 1895 606 1926 fulcitus
630 1894 777 1926 omnium
800 1904 915 1926 rerum
939 1904 1057 1926 eorum
1082 1901 1116 1926 et
1139 1895 1315 1926 arnexium
1339 1901 1372 1927 et
1395 1894 1593 1927 victualium
1617 1905 1781 1937 equorum
1812 1900 1844 1926 et
1886 1894 2033 1926 omnium
2064 1894 2171 1926 bono-

320 1959 403 1979 rum.
450 1948 489 1979 In
512 1948 578 1979 fine
602 1958 669 1989 pax
693 1947 786 1979 facta
810 1954 860 1979 est
883 1947 970 1979 inter
994 1947 1169 1979 dominum
1193 1948 1322 1980 Canem
1347 1954 1380 1980 et
1402 1948 1584 1980 Paduanos
1597 1947 1619 1986 2,
1645 1953 1678 1979 et
1712 1947 1853 1979 relaxati
1884 1948 2024 1979 fuerunt
2054 1957 2172 1979 omnes

321 2000 499 2033 carcerati.

1138 2115 1351 2149 MCCCXV.

410 2214 474 2246 Die
498 2224 631 2246 xxvnn
646 2215 658 2233 ³
681 2215 807 2246 mensis
831 2215 973 2257 augusti.
999 2215 1086 2247 Cum
1111 2215 1269 2247 dominus
1292 2215 1494 2258 Uguiconus
1518 2215 1561 2246 de
1585 2215 1619 2246 la
1635 2214 1773 2258 Facola,
1798 2214 1955 2246 dominus
1979 2219 2013 2246 et
2038 2214 2166 2256 capita-

325 2278 407 2299 neus
424 2267 568 2300 civitatis
585 2267 756 2307 Pixarum,
772 2268 892 2300 Luche
917 2274 950 2300 et
967 2268 1072 2300 totius
1087 2268 1195 2311 partis
1212 2267 1421 2306 Ghibelline,
1446 2273 1599 2299 maneret
1622 2268 1715 2299 circa
1740 2273 1886 2299 castrum
1909 2267 2040 2299 Montis
2063 2267 2168 2299 catini

323 2320 357 2350 in
382 2320 538 2352 districtu
563 2321 747 2359 Florentie,
779 2320 968 2352 Florentini
992 2331 1061 2353 non
1092 2321 1246 2353 valentes
1276 2330 1477 2352 succurrere
1511 2326 1668 2359 castrum,
1704 2320 1865 2352 miserunt
1893 2320 2075 2361 Neapolim
2105 2329 2168 2361 per

327 2373 497 2404 dominum
521 2374 713 2416 principem
737 2374 898 2406 Tarantri
911 2373 920 2389 ⁴
944 2374 1088 2406 fratrem
1104 2374 1198 2417 regis
1215 2373 1372 2413 Roberti,
1389 2379 1427 2405 ut
1450 2373 1660 2405 Florentiam
1680 2379 1850 2415 pergeret,
1869 2372 1926 2416 qui
1950 2383 2028 2404 cum
2043 2383 2169 2415 magna

327 2426 513 2468 quantitate
539 2427 689 2469 equitum
724 2433 757 2458 et
788 2426 941 2468 peditum
975 2428 1017 2460 de
1041 2427 1148 2469 ipsius
1180 2432 1335 2459 contrata
1367 2427 1511 2459 accessit
1536 2426 1756 2465 Florentiam,
1790 2432 1823 2458 et
1854 2436 1932 2458 cum
1959 2426 2066 2458 fratre
2097 2435 2168 2465 suo,

413 2582 437 2606 3.
457 2576 484 2599 et
504 2576 558 2608 ipsi
577 2576 732 2600 transirent
751 2577 794 2604 A:
819 2578 847 2600 et
866 2577 922 2608 ipsi
942 2576 1118 2601 transierunt
1136 2577 1162 2599 B
1180 2585 1192 2599 e
1218 2577 1296 2600 Mun.
1318 2588 1350 2592 —
1371 2582 1426 2607 3-4.
1446 2576 1477 2600 ut
1503 2576 1597 2607 ignem
1622 2575 1699 2599 Mun.
1720 2587 1752 2591 —
1773 2582 1797 2606 4.
1817 2574 1966 2606 mixerant]
1988 2573 2126 2598 miserunt
2143 2573 2167 2596 A

325 2629 358 2633 —
377 2622 432 2648 4-5.
451 2624 503 2648 pro
522 2618 547 2641 d.
568 2617 645 2643 Cane
665 2618 742 2642 Mun.
763 2632 794 2636 -
815 2619 839 2643 8.
859 2620 999 2650 tamquam
1019 2618 1054 2649 si]
1075 2620 1167 2642 tamen
1182 2619 1205 2641 si
1219 2618 1297 2642 Mun.
1317 2631 1349 2635 —
1373 2624 1413 2648 15.
1427 2617 1527 2641 malum
1546 2615 1688 2648 ordinem]
1709 2617 1773 2640 mali
1793 2616 1904 2640 ordinis
1921 2616 1945 2639 A
1966 2628 1976 2633 -
1995 2615 2113 2646 equmA
2133 2628 2165 2632 --

328 2662 369 2687 33.
383 2659 411 2680 in
430 2659 453 2681 A
469 2659 560 2690 prima
573 2666 683 2684 xxvnn
698 2662 746 2691 poi
762 2660 900 2684 cancellato
913 2660 936 2683 il
948 2667 982 2690 νς
1000 2666 1091 2684 xx1111
1111 2660 1136 2682 B
1154 2660 1233 2684 Mun.
1248 2673 1280 2677 -
1293 2659 1335 2691 36.
1356 2661 1481 2683 maneret
1501 2659 1594 2687 MUR.;
1615 2665 1729 2682 manens
1747 2658 1771 2681 A
1792 2671 1823 2675 —
1844 2663 1886 2690 37.
1905 2659 1967 2689 dopo
1985 2656 2126 2681 Florentio
2144 2657 2168 2680 A

325 2706 383 2730 agg.
404 2702 431 2724 et
449 2714 482 2718 —
503 2702 592 2733 37-38.
612 2709 662 2734 pro
682 2702 799 2726 domino
814 2702 945 2734 Principe
964 2702 1084 2726 Tar-anti
1106 2702 1184 2726 MUR.
1203 2715 1235 2719 —
1257 2701 1299 2731 38.
1320 2701 1368 2733 qui
1387 2701 1465 2725 MUR.
1487 2713 1497 2718 —
1518 2702 1545 2724 et
1563 2700 1587 2723 A

421 2803 428 2819 ¹
450 2796 470 2828 1³:
489 2805 641 2829 Albertino
661 2805 798 2829 Mussato.
1276 2804 1413 2836 d’agost0‚
1434 2804 1506 2828 festa
1526 2804 1598 2828 della
1617 2803 1806 2828 decollazione
1825 2803 1854 2827 di
1873 2810 1922 2827 san
1944 2802 2086 2827 Giovanni
2110 2803 2172 2826 Bat-

419 2844 429 2860 2
449 2855 465 2877 4
484 2847 602 2870 ottobre.
627 2847 730 2871 Vedasi
758 2847 774 2870 il
801 2848 919 2871 trattato
945 2847 974 2871 di
999 2847 1075 2871 detta
1101 2854 1166 2878 pace
1191 2848 1222 2870 in
1277 2848 1353 2871 tista.
1383 2846 1429 2871 Cf.
1448 2846 1542 2871 Chrotz.
1562 2846 1684 2873 Senensc,
1698 2846 1755 2869 RR.
1770 2845 1807 2870 II.
1822 2845 1883 2873 SS„
1897 2845 1959 2871 XV.

331 2889 430 2917 szm,
444 2888 511 2911 Stor.
527 2889 552 2912 d.
565 2888 658 2911 Marco
672 2889 828 2919 Trim'giana
839 2897 851 2911 e
870 2889 1003 2917 Veronese,
1014 2889 1075 2918 VII,
1091 2889 1151 2913 doc.
1162 2893 1221 2919 707.
1349 2886 1360 2903 ⁴⁴
1399 2888 1511 2921 Filippo
1532 2888 1560 2912 di
1580 2889 1715 2912 Tarauto.

418 2928 428 2945 ³
447 2929 487 2954 La
505 2930 639 2962 battaglia
658 2929 686 2954 di
708 2930 896 2955 Monteeatini
916 2938 1044 2956 arvenne
1070 2931 1115 2954 nel
1140 2928 1169 2955 di
1190 2937 1223 2960 29

2193 1842 2235 1874 30

2191 2214 2230 2245 35

2203 2846 2235 2864 10
