2297 3476
140 1441 159 1456 c.
175 1435 223 1460 7⁶1·

331 184 376 221 88
961 185 1274 220 CHRONICON
1302 183 1532 219 ESTENSE
1996 189 2046 223 [A.
2068 190 2161 224 1317]

327 314 489 347 velociter
512 314 733 357 equitaverat,
759 314 850 356 quod
873 314 931 345 alii
956 324 1023 345 non
1047 320 1205 356 poterant
1229 323 1306 345 eum
1331 313 1437 355 sequi,
1463 319 1497 344 et
1520 313 1633 344 statim
1656 313 1814 354 precepit
1837 313 1900 345 sibi
1923 320 2057 355 portam
2083 323 2162 356 ape-

326 368 394 406 riri,
417 374 451 399 et
474 367 522 399 sic
545 367 674 400 factum
698 367 773 406 fuit,
797 367 953 398 Paduani
984 367 1141 398 videntes
1164 372 1296 408 portam
1321 372 1485 408 apertam,
1517 366 1706 397 credebant
1735 366 1860 398 intrare
1893 366 2079 404 civitatem;
2111 373 2163 399 set

327 420 486 463 cogitatio
510 431 597 452 vana
620 420 695 458 fuit,
720 420 800 462 quia
824 420 983 451 dominus
1007 419 1108 451 Canis
1140 420 1283 451 viriliter
1315 425 1486 461 tamquam
1509 419 1564 450 leo
1595 418 1753 460 percmzit
1777 429 1844 450 eos.
1891 419 2046 450 Paduani
2077 430 2158 451 vero

327 480 573 515 cognoscentes
597 483 683 511 eum,
712 478 883 514 tamquam
908 482 989 504 oves
1012 472 1129 514 fugam
1161 472 1400 514 adripuerunt;
1426 482 1531 514 quare
1563 471 1658 502 multi
1689 482 1730 502 ex
1762 471 1810 503 eis
1841 472 1975 510 mortui,
2007 472 2099 514 capti
2128 479 2161 503 et

324 526 490 557 vulnerati
514 526 663 564 fuerunt,
687 526 776 557 inter
792 535 876 567 quos
893 524 1052 556 dominus
1070 535 1184 556 comes
1201 524 1319 556 Sancti
1342 524 1517 556 Bonefatii
1543 524 1585 556 de
1610 524 1749 555 Verona
1773 524 1841 556 fuit
1861 530 2014 556 mortuus
2027 526 2053 562 ¹;
2072 525 2161 566 capti
2205 525 2222 554 5

325 587 406 609 vero
431 578 588 610 dominus
611 578 837 616 Pascarixius,
855 578 1106 623 ‚Canbonectuffi
1123 578 1228 610 Canis
1253 578 1296 608 de
1320 577 1440 608 Padua
1464 583 1497 608 et
1520 576 1615 608 multi
1641 577 1708 615 alii,
1732 582 1767 608 et
1790 577 1839 608 sic
1856 577 2009 609 conflicti
2025 578 2163 609 fuerunt

324 630 489 663 Paduani.

410 684 543 715 Eodem
567 684 757 716 millesimo.
782 684 906 716 Comes
929 684 1172 726 Kamarlingus
1189 683 1329 715 recessit
1346 684 1390 715 de
1407 682 1566 714 Ferraria
1590 692 1667 713 cum
1691 681 1980 714 ambasiatoribus
2003 682 2095 715 dicte
2113 683 2162 714 ci-

324 737 445 774 vitatis,
470 747 573 768 causa
598 737 700 768 eundi
725 737 908 779 Neapolim
932 737 976 768 ad
1001 746 1118 779 regem
1141 736 1343 769 Robertum.

412 790 542 823 Eodem
565 790 741 822 millesimo
765 800 822 821 1111
848 790 990 833 augusti.
1038 789 1256 821 Ferarienses
1279 794 1481 820 surexerunt
1506 798 1583 820 cum
1606 789 1707 820 armis
1732 795 1852 820 contra
1869 789 2079 826 Guascones,
2096 789 2161 820 sci-
2185 789 2224 819 10

324 842 405 874 licet
429 843 583 875 dominus
604 842 725 886 Byelle
750 849 783 875 et
806 843 998 875 Rainaldus
1022 842 1065 874 de
1089 842 1380 883 Buchinpanibm,
1405 841 1617 873 Tholomeus
1642 841 1684 873 de
1709 841 1927 883 Costabi[li]s,
1959 841 2068 884 Obico
2101 841 2162 873 do-

324 895 406 926 mini
428 895 522 927 Petri
545 895 676 934 Abatis,
701 896 924 939 Bul-(gellium,
956 895 1135 938 Miacolus,
1167 895 1274 939 ‚Cilius
1297 893 1340 926 de
1373 895 1401 925 F
1404 895 1501 932 antiS,
1526 901 1559 926 et
1591 904 1709 926 omnes
1740 893 1795 925 alii
1823 894 1925 926 amici
1949 895 2163 926 dominorum

322 947 562 980 Marchionum
588 949 782 987 estensium,
806 949 938 980 scilicet
961 948 1124 980 Rainaldi
1149 954 1182 979 et
1205 947 1368 991 Obiconis
1392 947 1536 978 fratrum
1568 954 1601 979 et
1632 947 1779 978 filiorum
1802 947 2010 979 marchionis
2036 945 2163 979 Aldro-

324 1002 475 1039 vandini,
499 1002 557 1044 qui
581 1012 699 1033 omnes
722 1002 859 1034 insimul
884 1001 950 1032 hoc
968 1007 1215 1038 tractaverant3
1243 1007 1275 1032 et
1298 1011 1360 1042 per
1385 1007 1575 1033 contratam
1599 1001 1709 1032 sancti
1731 1000 1830 1031 Pauli
1856 1005 2075 1032 accesserunt
2090 1000 2164 1042 pla-

323 1062 413 1088 team
435 1056 490 1087 isti
513 1056 541 1087 F
544 1055 732 1087 erarienses
755 1055 942 1087 clamantes
966 1055 1043 1086 altis
1066 1054 1223 1086 vocibus:
1249 1054 1420 1096 Populum
1440 1054 1614 1096 populum,
1640 1054 1727 1085 bene
1751 1053 1881 1085 armati.
1928 1053 1981 1084 Illi
2009 1053 2164 1085 Guasco-
2189 1052 2226 1084 15

323 1119 393 1146 nes,
418 1108 476 1151 qui
498 1108 533 1139 in
564 1108 701 1141 civitate
727 1113 825 1140 erant
847 1117 910 1149 pro
935 1117 1016 1150 rege
1049 1107 1215 1145 Roberto‚
1240 1107 1352 1139 subito
1378 1107 1552 1148 capientes
1584 1117 1686 1143 arma,
1710 1106 1854 1138 viriliter
1882 1106 2083 1138 resisterunt
2097 1106 2163 1138 Fe-

322 1160 538 1200 rariensibus,
569 1160 626 1193 ubi
655 1162 746 1193 inter
776 1165 892 1202 partes
923 1160 1107 1191 maximum
1137 1160 1281 1201 prelium
1315 1160 1567 1197 commiserunt,
1592 1159 1628 1190 in
1652 1169 1719 1201 quo
1745 1159 1811 1190 fuit
1834 1165 1985 1191 mortuus
2008 1157 2164 1190 dominus

321 1214 441 1257 Byelle
466 1213 509 1244 de
533 1211 814 1253 Buchinpanibus
845 1222 864 1242 a
895 1210 995 1243 dictis
1028 1211 1274 1249 Guasconffius,
1304 1210 1414 1253 Obico
1446 1210 1657 1247 vulneratu53
1691 1216 1724 1241 et
1755 1210 1804 1241 sic
1836 1208 2056 1240 Ferarienses
2086 1219 2165 1250 per-

324 1267 444 1298 dentes
467 1272 547 1297 tunc
570 1270 782 1296 recesserunt
806 1265 849 1296 de
874 1264 968 1296 dicto
992 1264 1081 1303 loco,
1105 1270 1138 1295 et
1169 1264 1303 1295 iverunt
1325 1263 1360 1294 in
1387 1263 1499 1304 capite
1530 1263 1643 1303 platee
1676 1263 1721 1294 ad
1752 1261 1880 1293 baneas
1911 1261 2165 1305 galigariorum,

322 1319 446 1351 cotidie
471 1318 670 1350 clamantes:
697 1317 878 1360 Populum,
908 1317 1096 1359 populum;
1127 1322 1160 1348 et
1190 1318 1381 1348 moriantur
1410 1317 1607 1347 Guascones.
1655 1314 1733 1352 Que
1766 1314 1924 1347 videntes
1956 1314 2041 1346 dicti
2073 1314 2166 1346 Gua-
2189 1314 2232 1344 20

322 1382 454 1410 scones,
478 1378 511 1404 et
536 1381 605 1403 non
628 1370 795 1402 habentes
818 1380 914 1411 spem
937 1370 1080 1401 alicuius
1104 1370 1232 1408 auxilii,
1249 1369 1304 1401 vel
1321 1369 1543 1407 defensionis,
1567 1369 1685 1411 fugam
1710 1369 1930 1410 adripientes,
1954 1368 2117 1411 fugerunt
2132 1367 2167 1398 in

324 1424 444 1457 Castro
460 1425 612 1457 thealdo.
657 1423 822 1456 Dominus
838 1423 959 1454 Petrus
975 1423 1079 1460 Abas,
1099 1423 1254 1455 dominus
1271 1421 1477 1454 Franciscus
1494 1421 1554 1453 de'
1578 1422 1737 1459 Medicis,
1755 1421 1942 1453 Niccolaus
1959 1421 2002 1453 de
2019 1419 2167 1464 Paganis

323 1484 536 1510 recesserunt
560 1487 636 1508 cum
661 1476 760 1508 dictis
785 1476 1031 1514 Guasconibus,
1057 1476 1136 1518 quia
1159 1476 1353 1513 timuerunt,
1371 1485 1413 1506 ne
1437 1485 1515 1516 pars
1531 1476 1760 1506 marchexana
1778 1479 1918 1516 possent
1933 1474 2098 1506 rexistere
2113 1473 2166 1504 in-

324 1531 448 1573 ceptis;
474 1537 508 1563 et
537 1541 600 1572 per
631 1530 774 1573 gratiam
805 1529 869 1560 Dei
899 1535 1006 1560 turres
1038 1535 1071 1560 et
1094 1539 1212 1560 omnes
1235 1528 1408 1567 fortilicie,
1440 1538 1523 1570 quas
1549 1527 1751 1559 obtinebant
1776 1527 1985 1566 Guascones,
2009 1526 2164 1558 restitute

321 1585 459 1616 fuerunt
482 1582 747 1620 Ferariensibus‚
772 1588 917 1624 excepto
941 1582 1063 1614 Castro
1088 1581 1236 1614 thealdo.
1283 1581 1515 1612 Incontinenti
1541 1580 1760 1612 Ferarienses
1782 1580 1948 1612 miserunt
1974 1579 2163 1622 Rodigium
2187 1579 2227 1610 25

322 1636 457 1669 domino
481 1635 653 1669 Rainaldo
677 1641 712 1667 et
735 1634 892 1677 Obiconi,
917 1634 1010 1677 quod
1035 1634 1194 1666 celeriter
1217 1634 1408 1666 Ferrariam
1432 1633 1597 1672 venirent,
1623 1639 1656 1664 et
1679 1633 1726 1665 sic
1752 1633 1837 1665 dicti
1860 1632 2083 1665 Marchiones
2098 1642 2165 1663 una

322 1701 398 1722 cum
423 1689 559 1722 domino
583 1688 726 1731 Accone
751 1688 961 1725 marchione,
986 1688 1086 1719 etiam
1110 1694 1281 1729 tamquam
1305 1687 1452 1729 perfecti
1469 1686 1751 1729 consa[n]guinei,
1776 1692 1941 1718 venerunt
1964 1685 2164 1718 Ferrariam.

321 1743 445 1774 Postea
468 1743 516 1774 sic
540 1742 674 1773 insimul
697 1741 832 1772 iverunt
855 1739 1057 1779 Bononiam,
1075 1740 1156 1782 quia
1173 1740 1240 1772 iam
1257 1739 1422 1778 sciebant,
1447 1739 1539 1782 quod
1564 1740 1764 1772 Guascones
1780 1740 1942 1771 miserant
1964 1739 2165 1777 Bononiam,

322 1801 355 1827 et
378 1795 541 1836 petebant
565 1794 727 1826 auxilium
736 1806 745 1831 3
770 1794 827 1836 qui
858 1793 1090 1825 Bononienses
1122 1794 1190 1825 iam
1215 1793 1400 1825 veniebant
1431 1803 1546 1825 versus
1576 1793 1769 1824 Ferrariam
1801 1803 1879 1825 cum
1904 1802 2021 1824 eorum
2053 1792 2165 1824 armis.

322 1848 461 1880 Interim
485 1848 722 1880 Ferrarienses
752 1847 908 1878 fecerunt
938 1846 1062 1878 muniri
1093 1846 1222 1877 scolam
1254 1846 1465 1885 barboctam‚
1499 1852 1532 1877 et
1554 1856 1616 1888 per
1639 1852 1764 1877 terram
1797 1851 1832 1877 et
1855 1856 1977 1888 aquam
2005 1845 2165 1877 insultum
2188 1845 2231 1876 30

321 1901 505 1932 maximum
528 1901 688 1932 fecerunt
711 1906 830 1932 contra
853 1905 1012 1938 castrum,
1037 1899 1079 1931 de
1104 1910 1172 1941 quo
1196 1900 1417 1932 Ferarienses
1441 1905 1648 1940 receperunt
1671 1899 1832 1941 dapnum,
1856 1899 1937 1941 quia
1966 1898 2166 1931 Guascones

321 1953 463 1985 viriliter
486 1964 522 1985 se
546 1954 793 1990 defenderunt3
819 1959 853 1985 et
876 1953 971 1984 multi
988 1952 1207 1984 Ferarienses
1223 1953 1396 1994 perierunt
1419 1958 1538 1984 morte.
1585 1951 1710 1984 Postea
1734 1952 1793 1984 die
1817 1951 1990 1984 dominico
2007 1951 2164 1993 sequenti

318 2005 401 2038 dicti
423 2007 638 2038 marchiones
654 2006 858 2049 Raynaldus
883 2011 916 2037 et
939 2004 1036 2048 Acco
1061 2016 1138 2037 cum
1161 2006 1263 2038 dictis
1286 2004 1570 2042 Ferrariensibus,
1595 2015 1672 2036 cum
1695 2004 1869 2037 barboctis
1893 2010 1927 2037 et
1949 2014 2017 2036 uno
2041 2013 2165 2047 magno

322 2059 402 2101 lupo
425 2059 607 2091 hedificato
640 2070 741 2101 super
766 2059 850 2091 duas
881 2069 996 2097 naves,
1029 2059 1172 2090 viriliter
1199 2059 1362 2101 impetum
1394 2059 1552 2090 fecerunt
1584 2065 1702 2090 contra
1731 2063 1878 2090 castrum
1887 2070 1896 2094 3
1928 2063 2043 2089 tamen
2074 2057 2167 2089 Gua-

319 2122 440 2144 scones
463 2112 550 2144 bene
574 2123 610 2144 se
634 2111 876 2150 defenderunt,
894 2118 927 2143 et
944 2111 1171 2153 expectabant
1187 2112 1349 2143 auxilium
1373 2112 1639 2145 Bononiensium
1647 2124 1655 2149 3
1681 2118 1732 2143 set
1755 2111 1865 2143 nichil
1887 2109 2089 2152 proficiebat
2105 2110 2164 2148 eis,
2189 2108 2229 2142 35

320 2165 399 2207 quia
421 2165 573 2197 marchio
598 2165 709 2208 Obico
735 2165 895 2197 continue
921 2171 992 2197 erat
1023 2175 1101 2196 cum
1124 2165 1189 2202 eis;
1216 2171 1250 2197 et
1281 2176 1358 2197 cum
1382 2165 1451 2196 suis
1482 2164 1682 2207 parentibus
1705 2169 1739 2196 et
1770 2164 1888 2196 amicis
1914 2162 2165 2207 prolongabant

320 2225 462 2260 tempus,
488 2225 521 2250 et
544 2225 638 2250 tanto
662 2218 771 2260 spatio
795 2217 991 2257 substinuit,
1016 2219 1109 2260 quod
1133 2218 1168 2249 in
1192 2218 1253 2250 illo
1278 2218 1334 2250 die
1361 2225 1507 2250 castrum
1532 2218 1661 2250 dictum
1685 2217 1874 2249 restitutum
1898 2217 1964 2249 tuit
1991 2216 2164 2248 Mai-chio-

320 2271 418 2303 nibus
441 2278 475 2303 et
498 2271 526 2303 F
529 2271 766 2308 erariensibus,
791 2276 825 2302 et
849 2271 912 2313 ipsi
928 2271 1163 2312 promixerunt
1178 2271 1339 2303 fiduciam
1363 2271 1431 2303 illis
1455 2272 1497 2303 de
1521 2278 1633 2303 castro
1660 2271 1703 2302 de
1727 2280 1845 2302 eorum
1868 2269 2033 2311 personis,
2062 2279 2164 2310 quam

319 2324 406 2356 male
431 2324 699 2356 observaverunt
722 2324 782 2363 eis,
806 2324 967 2366 quoniam
993 2324 1217 2356 incontinenti
1241 2325 1326 2356 dicti
1352 2325 1552 2356 Guascones
1576 2323 1699 2356 mortui
1722 2324 1863 2355 fuerunt
1886 2332 2004 2354 omnes
2027 2320 2071 2353 ad
2095 2321 2164 2353 cla-

319 2387 447 2409 morem
470 2377 599 2419 populi,
624 2378 672 2409 ita
688 2377 780 2420 quod
797 2377 985 2409 advenctus
1001 2378 1270 2410 Bononiensium
1294 2378 1360 2409 fuit
1383 2388 1501 2409 vanus.
1548 2377 1680 2408 Deinde
1705 2376 1856 2408 marchio
1873 2375 1994 2417 Obico,
2012 2375 2163 2418 quicum
2188 2375 2230 2405 40

320 2429 369 2461 eis
393 2436 475 2468 erat,
499 2431 593 2462 venit
616 2430 803 2468 Ferariam,
827 2436 861 2462 et
884 2430 918 2461 in
942 2430 1002 2461 illa
1025 2431 1110 2462 hora
1132 2431 1205 2472 ipse
1224 2441 1300 2462 cum
1317 2430 1386 2462 suis
1402 2430 1658 2462 adscenderunt
1680 2429 1716 2460 in
1739 2428 1873 2471 palatiis
1896 2428 1975 2466 suis,
2001 2433 2035 2459 et
2054 2426 2165 2471 gratia

318 2482 384 2514 Dei
419 2483 663 2515 ordinaverunt
698 2483 811 2515 omnia
848 2493 965 2515 eorum
995 2484 1149 2525 negotia;
1182 2490 1216 2515 et
1247 2489 1368 2515 contra
1391 2483 1627 2524 volunptatem
1650 2482 1775 2524 perfidi
1805 2481 2009 2524 Lancalocti
2033 2480 2076 2512 de
2106 2479 2164 2512 Pi-

317 2536 525 2578 gnatonibus
560 2542 593 2568 et
626 2536 769 2568 aliorum
803 2536 1034 2574 inimicorum,
1068 2536 1122 2568 die
1160 2536 1333 2569 dominico
1361 2546 1409 2568 xv
1445 2537 1577 2579 augusti
1591 2535 1612 2573 ἵ,
1649 2535 1826 2567 constituti
1860 2535 1999 2566 fuerunt
2034 2532 2164 2565 domini

405 2647 430 2672 6.
449 2647 634 2680 Pascarixius]
655 2649 820 2673 Passarinus
839 2648 864 2671 B
878 2648 955 2673 Mun.
970 2660 1001 2666 ——
1018 2649 1041 2673 8.
1055 2647 1214 2680 millesimo]
1234 2656 1309 2672 anno
1323 2648 1400 2673 Mun.
1415 2661 1447 2665 —
1472 2655 1510 2672 10.
1531 2647 1574 2671 nel
1591 2647 1710 2679 margine
1730 2648 1760 2670 di
1771 2647 1880 2670 sinistra
1893 2646 1923 2669 di
1933 2645 1957 2669 A
1969 2653 1977 2668 :
1997 2644 2162 2669 Dominatio

319 2690 446 2713 Ferrarie
464 2690 589 2714 civitatis
608 2690 714 2714 domini
734 2690 873 2722 Raynaldi
894 2691 922 2714 et
942 2690 1080 2715 Obizonis
1094 2690 1288 2719 marchionum
1304 2691 1458 2714 estensium
1473 2703 1504 2707 —
1522 2695 1560 2720 15.
1574 2691 1601 2713 et
1626 2690 1694 2713 bene
1714 2689 1792 2713 MUR.
1813 2702 1844 2705 —
1868 2687 1908 2711 16.
1923 2684 2102 2716 resisterunt]
2122 2692 2163 2709 re-

318 2732 450 2756 stiterunt
468 2732 545 2757 Mun.
561 2745 593 2749 —
608 2739 649 2763 23.
664 2733 726 2763 dopo
739 2733 926 2756 Marchexana
945 2732 1022 2757 Mun.
1042 2739 1100 2763 agg.
1121 2735 1262 2764 superaret
1282 2734 1309 2755 et
1327 2739 1385 2756 non
1400 2746 1431 2750 —
1447 2731 1488 2756 26.
1502 2731 1630 2763 domino]
1646 2731 1771 2755 dominis
1784 2730 1862 2755 Mun.
1875 2742 1908 2747 --
1922 2735 1966 2761 30.
1979 2728 2082 2752 scolam
2101 2728 2164 2751 bar-

316 2773 426 2796 boctam
439 2774 527 2797 scritto
542 2775 754 2804 postem'ormente
767 2775 796 2797 in
809 2774 832 2797 A
847 2774 917 2797 dallo
934 2777 1009 2797 stesso
1028 2774 1124 2805 copista
1136 2782 1168 2797 su
1187 2774 1280 2797 lacuna
1301 2787 1332 2791 —
1353 2781 1394 2805 34.
1408 2773 1546 2804 fecerunt]
1567 2773 1672 2797 facient
1689 2773 1713 2796 A
1729 2785 1761 2790 -
1781 2777 1823 2803 37.
1841 2769 2015 2801 restitutum]
2035 2769 2161 2794 restitum

318 2814 342 2837 A
363 2828 394 2832 —
415 2822 457 2846 41.
477 2816 506 2838 in
526 2815 652 2847 palatiis]
671 2816 784 2847 palatiis
803 2816 826 2839 A
848 2829 880 2832 —
900 2822 988 2847 4²·43·
1010 2816 1210 2847 Pignatoribus
1230 2816 1308 2840 th.

409 2897 417 2914 ¹
437 2899 622 2931 Vinciguerra
640 2900 722 2923 conte
741 2899 769 2923 di
782 2899 838 2923 San
858 2899 1017 2929 Bonifazio,
1030 2900 1213 2924 condottiero
1267 2907 1330 2923 sana
1349 2907 1361 2922 e
1386 2900 1518 2927 Verona-se,
1539 2899 1586 2929 VI,
1606 2907 1653 2931 pp.
1673 2903 1763 2929 ²1-25.

319 2941 385 2965 delle
406 2941 507 2965 milizie
526 2941 683 2965 Padovane.
705 2942 810 2970 Vsum,
831 2941 898 2965 Stor.
919 2941 988 2964 della
1006 2942 1100 2964 ,Μαι-σα
1124 2942 1212 2965 Trivi-
1357 2940 1366 2955 '³
1385 2941 1407 2964 Π
1430 2947 1458 2972 15
1480 2941 1607 2972 d’agosto
1629 2946 1696 2972 1317
1715 2940 1800 2965 cadde
1819 2941 1848 2964 in
1867 2937 1969 2964 lunedl.
