2307 3592
152 258 234 292 [AA.
256 260 452 292 1221-1225]
787 250 1096 287 CHRONICON
1125 247 1358 284 ESTENSE
1948 247 1959 280 l
1974 247 1987 280 1

969 402 1139 435 MCCXX
1140 403 1170 445 J.

238 474 324 506 Cum
349 475 519 507 exercitus
542 474 811 507 Christianorum
836 473 880 505 ad
906 473 1098 515 superiores
1120 478 1234 514 partes
1258 472 1383 516 Egypti
1409 471 1655 514 expugnandas
1683 469 1864 506 trassisent,
1897 468 1994 499 inun-

150 527 287 559 datione
312 527 381 559 Nili
405 533 456 559 est
478 527 588 559 subito
614 527 854 558 circumfuxus.
901 526 1055 568 Cumque
1087 525 1268 557 Christiani
1300 535 1365 557 nec
1389 525 1579 567 procedere
1604 533 1669 555 nec
1692 522 1805 554 redire
1828 521 1991 557 valerent,

151 580 246 622 aquis
269 586 303 611 et
327 580 478 612 exercitu
495 579 744 611 Saracenorum
760 579 911 621 undique
928 574 1158 620 circumsepti,
1184 578 1295 610 coacti
1320 583 1397 609 sunt
1419 587 1482 619 pro
1504 575 1742 618 redemptione
1766 585 1826 606 sua
1848 573 1995 605 reddere

109 632 126 663 5
151 632 357 670 Damiatam3
384 633 578 675 dimissique
602 644 622 664 a
647 632 836 670 Saracenis,
855 632 898 663 ad
914 631 1053 673 propria
1070 641 1147 663 cum
1163 641 1287 673 magna
1303 630 1435 662 tristitia
1451 636 1527 661 sunt
1542 629 1681 661 reversi.
1727 628 1836 660 Porro
1854 626 1993 670 Egyptii

148 686 241 718 letati
264 692 340 718 sunt
364 685 408 717 de
431 686 649 728 profectione
673 696 799 723 eorum,
824 685 903 727 quia
927 685 1026 716 timor
1051 695 1169 716 eorum
1193 685 1395 716 incubuerat
1418 693 1519 725 super
1544 693 1611 715 eos.

239 740 373 771 Eodem
396 739 574 771 millesimo
599 740 643 771 de
667 749 783 771 mense
815 738 947 781 augusti
978 748 1137 781 magnum
1168 738 1313 780 prelium
1345 737 1409 768 fuit
1433 737 1520 768 inter
1553 735 1726 768 dominum
1757 733 1994 766 Marchionem

151 797 320 824 estensem
344 798 378 825 et
401 793 575 824 dominum
598 792 844 835 Salingueram,
869 798 903 824 et
926 798 1006 823 tunc
1031 792 1174 834 expulsa
1197 791 1263 822 fuit
1284 801 1364 833 pars
1388 789 1515 822 domini
1547 789 1766 831 Salinguerre
1791 788 1834 819 de
1859 786 1999 820 Feraria

152 851 185 878 et
210 846 386 878 combusta
409 846 529 878 domus
552 856 622 884 sua,
648 852 681 877 et
703 845 822 887 paucis
846 845 966 878 diebus
991 845 1124 887 elapsis,
1149 845 1244 876 facta
1267 844 1332 875 fuit
1355 855 1423 886 pax
1446 843 1532 875 inter
1557 852 1626 874 eos.

89 900 127 930 10
238 898 371 931 Eodem
394 899 570 931 millesimo
596 899 640 931 de
663 908 780 931 mense
805 899 937 941 augusti
961 898 1045 930 obiit
1067 903 1205 929 sanctus
1221 897 1421 929 Dominicus
1435 897 1456 928 ¹.

743 995 952 1038 MCCXXIJ
977 994 1021 1027 de
1044 1004 1161 1027 mense
1184 993 1396 1037 septembris.

238 1058 408 1101 Apparuit
432 1066 574 1092 cometa.

238 1113 412 1155 Tempore
436 1113 656 1155 subsequenti
680 1113 763 1145 obiit
786 1112 991 1156 Lodoycus²
1015 1122 1077 1144 rex
1094 1111 1307 1143 Francorum
1323 1111 1382 1153 qui
1403 1109 1545 1142 multum
1568 1119 1630 1151 pro
1655 1108 1812 1141 Ecclesia
1829 1107 1994 1139 laboravit

152 1172 271 1198 contra
293 1166 459 1199 Comitem
482 1166 673 1199 tolosanum
698 1167 867 1198 fautorem
883 1166 1113 1198 hereticorum
1138 1171 1171 1197 et
1188 1165 1449 1197 audacissimum
1480 1163 1710 1196 defensorem.
1757 1162 1820 1194 Cui
1836 1161 1999 1193 successit

91 1218 128 1250 15
152 1219 186 1251 in
209 1230 315 1262 regno
340 1220 411 1252 eius
433 1220 521 1252 filius
543 1219 763 1263 Lodoycus³.

751 1300 988 1343 MCCXXIIJ,
1012 1298 1069 1332 die
1092 1309 1166 1332 xxv
1191 1298 1394 1331 decembris.

240 1372 279 1404 In
304 1371 359 1404 die
391 1371 575 1404 nativitatis
596 1371 745 1410 Domini,
763 1371 850 1404 inter
866 1377 990 1404 sestam
1015 1377 1048 1403 et
1072 1381 1197 1402 nonam
1222 1381 1283 1412 per
1308 1376 1412 1402 totam
1435 1369 1596 1413 Ytalyam
1619 1369 1732 1401 factus
1757 1374 1807 1400 est
1830 1367 1996 1400 maximus

151 1430 352 1463 teremotu83
376 1430 429 1457 set
452 1435 553 1467 super
578 1435 696 1457 omnes
712 1424 814 1457 urbes
830 1425 945 1457 Ytalie
963 1424 1080 1456 civitas
1097 1424 1288 1456 brissiensis
1304 1422 1549 1456 incredibiliter
1574 1428 1798 1465 conquassata
1813 1422 1996 1454 maximum

152 1479 302 1521 dapnum
327 1478 507 1512 substinuit
528 1478 564 1510 in
586 1478 699 1518 rebus,
724 1478 881 1511 domibus
905 1485 939 1510 et
960 1478 1116 1520 personis
1125 1477 1146 1510 ⁴.

85 1576 127 1607 20
945 1576 1167 1609 Mccxxm
1168 1576 1199 1619 J.

236 1647 334 1692 Acco
358 1648 511 1680 marchio
541 1648 681 1680 estensis
699 1647 920 1680 adoloscens³
939 1654 972 1680 et
988 1647 1158 1691 Ricardus
1175 1658 1290 1680 comes
1307 1647 1427 1680 Sancti
1442 1647 1616 1680 Bonefatii
1640 1657 1717 1679 cum
1738 1646 1996 1678 Veronensibus

150 1706 185 1733 et
207 1701 403 1733 Mantuanis
426 1700 662 1744 Salingueram
686 1701 720 1732 in
744 1700 902 1733 Ferraria
926 1700 1135 1733 obsiderunt.
1184 1700 1245 1732 Set
1268 1700 1324 1732 ille
1350 1711 1426 1732 cum
1443 1706 1532 1732 esset
1549 1700 1680 1731 calidus
1704 1705 1738 1731 et
1761 1699 1922 1737 abstutus,
1941 1708 1998 1730 co-

149 1754 220 1786 miti
242 1755 304 1787 sub
330 1754 583 1796 compositionis
600 1754 706 1796 spetie
724 1754 849 1786 intrare
867 1754 1041 1787 Ferariam
1057 1754 1247 1796 persuaxit3
1267 1754 1474 1796 capiensque
1490 1753 1599 1795 ipsum
1624 1759 1658 1785 et
1675 1762 1792 1784 omnes
1808 1752 1865 1795 qui
1883 1762 2000 1784 secum

150 1813 248 1839 erant
272 1806 425 1850 ingressi,
450 1806 493 1838 ab
519 1806 696 1838 obsidione
720 1806 894 1840 Ferariam
919 1806 1084 1838 liberavit.
1131 1806 1213 1838 Post
1237 1806 1409 1838 modicum
1433 1816 1515 1838 vero
1540 1812 1673 1847 tempus
1705 1805 1798 1837 facta
1830 1803 1998 1846 cumposi-

85 1859 125 1892 25
151 1860 253 1898 tione‚
280 1871 395 1892 eomes
419 1860 484 1893 fuit
508 1871 528 1892 a
551 1860 694 1892 vinculis
718 1860 892 1892 absolutus
906 1859 928 1892 ⁶.

239 1914 373 1946 Eodem
396 1913 574 1946 millesimo
600 1914 773 1945 desiccate
798 1919 875 1945 sunt
898 1913 996 1945 vinee
1022 1919 1055 1945 et
1080 1914 1164 1944 ficus
1187 1924 1250 1955 pro
1274 1923 1397 1956 magno
1422 1913 1512 1956 gelu.

239 1967 372 1999 Eodem
395 1967 584 2006 millesimo,
608 1973 741 1999 mortua
764 1967 961 1999 Constantia
984 1967 1211 2008 imperatrice,
1242 1967 1311 1998 filia
1333 1967 1423 2010 regis
1448 1966 1645 2009 Aragonum
1660 1965 1680 2004 ⁷,
1706 1966 1750 1997 de
1782 1976 1849 2008 qua
1879 1975 1996 2007 regem

149 2020 353 2053 Alemannie
377 2021 563 2053 Henricum
587 2020 706 2053 habuit
729 2020 914 2062 imperator
938 2019 1139 2058 Federicus,
1157 2020 1230 2062 ipse
1253 2020 1462 2057 Ysabellam‚
1480 2019 1581 2051 filiam
1593 2019 1759 2062 Johannis
1789 2018 2002 2062 yerosolimi-

150 2075 231 2114 tani‚
255 2074 390 2116 accepit
413 2085 553 2106 uxorem
568 2074 592 2111 8;
621 2074 664 2106 de
689 2085 756 2116 qua
779 2074 897 2117 genuit
920 2073 1128 2113 Conradum,
1153 2083 1256 2116 quem
1280 2073 1399 2105 dilexit
1423 2073 1584 2105 tenerime
1609 2082 1712 2115 super
1736 2082 1864 2110 omneS‚
1889 2078 1923 2104 et
1951 2072 1999 2103 sic

85 2128 127 2159 30
150 2137 293 2170 regnum
316 2127 631 2171 yerosolimitanum
656 2127 839 2159 occasione
863 2127 962 2159 huius
986 2126 1192 2159 matrimonii
1216 2133 1267 2159 est
1290 2127 1444 2169 adeptus.

967 2223 1183 2256 MCCXXV.

240 2293 341 2326 Multi
358 2294 420 2326 viri
437 2293 571 2326 nobiles
588 2300 623 2326 et
639 2300 798 2336 potentes
815 2304 857 2326 ex
873 2300 970 2336 parte
995 2294 1127 2325 comitis
1145 2294 1242 2326 Santi
1257 2293 1439 2332 Bonefafii,
1457 2294 1592 2336 corupti
1607 2294 1756 2336 pecunia
1772 2294 2002 2337 Salinguerre,

154 2344 366 2379 'Monticulis
390 2346 606 2385 adherentes,
631 2347 739 2378 virum
771 2347 1002 2384 clarissimum,
1035 2346 1195 2378 comitem
1228 2346 1360 2378 scilicet
1391 2346 1592 2389 Ricardum,
1626 2357 1703 2378 cum
1735 2357 1796 2378 sua
1825 2353 1924 2388 parte
1955 2346 2000 2378 de

152 2399 293 2431 Verona
315 2399 424 2432 subito
449 2400 681 2442 expulserunt.
728 2400 772 2431 Et
800 2406 880 2431 tunc
912 2399 1021 2441 primo
1052 2399 1219 2441 pessimus
1251 2399 1438 2442 Eoellinus,
1471 2398 1660 2442 adiungens
1683 2409 1720 2431 se
1743 2399 1919 2441 predictis,
1951 2400 2000 2431 in-

88 2451 129 2484 :35
155 2452 246 2494 cepit
268 2452 395 2485 habere
419 2452 609 2484 dominium
633 2453 666 2483 in
690 2452 840 2484 Verona.
883 2451 1062 2484 Mantuani
1086 2462 1168 2484 vero
1194 2452 1350 2484 comitem
1374 2462 1451 2484 cum
1475 2452 1595 2484 amicis
1618 2452 1686 2484 suis
1703 2452 1765 2484 sub
1787 2452 2002 2494 protectione

155 2505 283 2537 alarum
306 2517 441 2538 suarum
465 2505 688 2538 amicabiliter
710 2511 928 2548 receperunt,
952 2505 1134 2548 ipsumque
1151 2505 1183 2536 in
1202 2505 1318 2548 preliis
1335 2505 1445 2536 modis
1462 2504 1618 2537 omnibus
1642 2505 1858 2537 adiuvabant.
1906 2506 2000 2537 Tan-

243 2615 267 2634 2.
286 2610 490 2643 expugnandos
509 2610 533 2633 A
562 2622 573 2627 -
595 2623 625 2626 —
646 2617 669 2640 4.
697 2610 877 2641 circumsepti
907 2610 985 2634 Amr.
1006 2609 1202 2641 circumspecti
1230 2610 1288 2632 AB
1314 2609 1393 2633 Mun.
1413 2622 1447 2626 —
1469 2615 1507 2639 13.
1528 2608 1675 2641 Lodoycus
1700 2609 1745 2636 A,·
1771 2609 1919 2642 Lodoycus
1938 2609 2004 2634 Phi-

153 2650 246 2684 lippus
263 2652 306 2680 Β,-
326 2653 354 2675 in
373 2652 397 2676 A
415 2654 491 2683 sopra
511 2652 662 2684 Lodoycus
682 2652 716 2675 da
735 2659 810 2675 mano
829 2651 901 2675 assai
920 2651 971 2682 pit}
990 2650 1067 2675 tarda
1092 2659 1172 2674 venne
1190 2652 1279 2674 scritto
1305 2651 1454 2684 Philippus
1474 2665 1506 2669 —
1530 2658 1568 2682 14.
1590 2651 1702 2675 audacis
1721 2658 1829 2675 sumum
1853 2651 1878 2674 A
1904 2664 1938 2669 —
1957 2657 2001 2683 33.

156 2693 228 2724 negti
246 2694 322 2718 Ams.
342 2694 519 2718 adherentem

242 2761 250 2779 ¹
270 2763 326 2788 San
345 2764 499 2789 Domenico
519 2762 590 2789 morl
609 2772 625 2789 a
643 2765 770 2797 Bologna
789 2765 809 2788 il
830 2764 846 2789 6
865 2766 974 2797 agosto,
997 2772 1049 2789 ove
1104 2772 1179 2788 come
1198 2764 1236 2796 gli
1255 2764 1372 2787 Annales
1391 2764 1491 2787 Veteres
1502 2763 1571 2787 Mut.
1587 2762 1755 2787 riferiscono
1774 2764 1801 2788 al
1823 2770 1887 2795 1223
1909 2764 1927 2788 il
1948 2766 2002 2788 tex·-

110 2812 123 2836 5
153 2805 183 2828 fu
203 2805 322 2837 sepolto.
359 2807 402 2830 Da
421 2807 506 2830 eodem
517 2806 556 2838 (7)
568 2806 632 2831 sino
645 2814 661 2830 a
673 2805 898 2837 Dominicus(10)
913 2813 1050 2830 mancano
1106 2808 1216 2830 remoto
1242 2806 1285 2830 del
1308 2812 1373 2829 1222
1399 2804 1497 2838 perche
1517 2805 1652 2829 accaduto
1672 2805 1719 2829 nel
1737 2805 1848 2835 Natale,
1867 2805 1914 2829 dal
1936 2805 2002 2836 qual

2035 2940 2062 2963 15

153 2846 191 2877 gli
210 2847 336 2873 Annales.
1104 2847 1206 2878 giorno
1222 2847 1305 2871 molte
1319 2846 1390 2871 citt&
1403 2848 1616 2870 cominciavano
1631 2853 1647 2870 a
1660 2847 1775 2870 contai-e
1788 2845 1884 2870 Panno
1898 2853 2001 2870 nuovo.

241 2887 253 2903 ²
272 2888 330 2918 Qui
347 2891 372 2914 si
392 2891 481 2915 tratta
499 2890 527 2914 di
546 2890 658 2921 Filippo
679 2890 705 2913 ΙΙ
726 2891 864 2922 Augusto.
1194 2888 1204 2903 ⁵
1225 2890 1300 2913 Azzo
1320 2889 1373 2912 VII
1393 2889 1469 2912 detto
1489 2888 1576 2911 anche
1596 2888 1732 2912 Azzolino
1751 2895 1766 2912 e
1782 2888 1858 2912 Azzo
1872 2887 2001 2912 Novello.
2035 2891 2050 2905 ι’

242 2931 252 2947 3
272 2931 417 2957 Lodovico
438 2932 513 2956 VIII.
1193 2929 1203 2946 ὓ
1224 2931 1331 2960 Ωιιεεὶᾶ
1351 2931 1426 2955 linea
1446 2937 1546 2954 manca
1565 2931 1639 2962 negli
1659 2930 1784 2955 Αηηαῖες.

242 2973 251 2989 ·¹
269 2974 292 2998 Π
311 2976 464 2999 tex-remoto
484 2982 610 3000 avvenne
629 2975 673 3000 nel
696 2975 796 2999 Natale
822 2974 864 2998 del
892 2981 957 2999 1222
983 2973 1051 3006 (An-
1194 2972 1203 2988 7
1225 2979 1256 3003 23
1276 2974 1383 3005 giugno
1408 2979 1482 2997 1222.

96 3025 127 3041 ιο
155 3017 226 3040 mdes
245 3016 396 3040 Brixt'enses
416 3017 444 3040 in
464 3016 502 3041 All.
520 3018 549 3040 G.
565 3017 610 3048 H„
626 3017 727 3047 XVIII,
741 3025 767 3049 p.
783 3016 855 3048 811).
876 3016 974 3040 Anche
987 3016 1051 3040 altri
1193 3015 1203 3027 ¹⁸*
1223 3024 1238 3047 9
1259 3015 1409 3038 novembre
1426 3019 1500 3045 1225.
1527 3014 1557 3038 Si
1569 3015 1657 3039 tratta
1672 3016 1830 3038 veramente
1844 3014 1871 3038 di
1886 3014 2002 3038 lalanda.

2071 1007 2089 1021 C.
2104 1005 2156 1024 ³7⁴⁰
