2297 3476
90 920 164 943 Mun„
180 920 204 937 ,11

137 645 155 659 s·
173 644 217 661 477

133 1944 141 1953 ι
184 1940 217 1957 7'11

239 2649 269 2665 10

296 181 344 213 42
932 177 1245 213 CHRONICON
1272 177 1505 212 ESTENSE
1837 183 1920 217 [AA.
1941 185 2133 217 1261-1266]

1116 327 1312 360 MCCLXI.

381 399 547 431 Dominus
572 398 788 441 Jacomacius
813 398 857 430 de
881 397 1021 430 Troctis
1046 398 1089 430 de
1113 398 1264 436 Feraria,
1288 408 1357 430 una
1374 409 1450 430 cum
1469 399 1608 431 domino
1626 399 1794 431 Niccolao
1811 399 1854 432 de
1878 400 2044 439 CaxariiS,
2063 411 2139 432 cum

294 452 409 484 multis
433 451 502 483 suis
526 450 740 493 sequacibus,
765 450 822 492 qui
847 457 1000 492 tempore
1023 450 1162 492 antiquo
1186 451 1321 482 fuerant
1353 451 1395 482 de
1427 457 1524 492 parte
1556 451 1685 484 domini
1718 452 1949 496 SaHnguerre,
1980 453 2139 485 fecerunt

293 504 563 536 coniurationem
589 509 708 535 contra
732 503 906 535 dominum
937 514 1034 535 suum
1058 503 1308 541 Marchionem,
1341 514 1406 546 qua
1439 505 1482 536 de
1514 515 1617 536 causa
1649 504 1837 546 decapitati
1868 506 2006 538 fuerunt
2038 516 2139 548 super

294 557 409 599 platea
433 556 622 588 communis
645 556 797 588 Ferarie.

1113 627 1325 660 MCCLXV.

381 699 433 730 De
458 709 573 730 mense
597 698 713 730 madii.
756 697 923 730 Dominus
947 698 1099 730 Karolus
1122 699 1230 730 frater
1252 698 1343 741 regis
1367 698 1523 736 Francie,
1557 699 1687 731 electus
1718 708 1781 741 pro
1813 699 1970 730 Ecclesia
2000 709 2141 731 romana

294 751 327 782 in
351 762 468 793 regem
492 750 618 792 Apulie
643 756 677 782 et
700 750 831 789 Sicilie,
855 751 996 782 recessit
1019 750 1063 782 de
1087 751 1235 783 Francia
1259 761 1337 782 cum
1360 762 1485 794 magna
1502 752 1691 794 quantitate
1713 752 1859 783 militum
1883 758 1917 783 et
1939 752 2092 793 peditum
2109 757 2142 784 et

293 815 355 846 per
377 815 471 835 mare
494 804 556 835 ivit
578 804 725 835 Romam
750 809 784 835 et
807 814 870 845 per
893 803 1130 845 Apostolicum
1154 803 1219 835 fuit
1243 810 1427 836 coronatus
1458 810 1493 836 et
1524 804 1742 836 confirmatus
1766 805 1809 836 de
1842 804 1934 836 dicto
1964 805 2140 847 regimine.

293 857 337 888 Et
360 863 440 889 tunc
464 867 588 900 magna
611 855 791 888 multitudo
815 856 971 895 militum,
995 856 1154 898 peditum
1178 862 1213 888 et
1237 855 1500 895 balistariorum,
1526 857 1584 899 qui
1607 867 1670 898 per
1693 867 1785 889 mare
1812 857 1862 888 ire
1892 868 1961 889 non
1984 862 2142 898 poterant

295 920 372 941 cum
396 909 490 941 dicto
514 908 690 947 Domino'‚
716 909 925 941 transierunt
948 919 1011 951 per
1034 909 1278 941 Lombardiam
1301 920 1405 942 causa
1429 909 1534 942 eundi
1551 910 1709 948 Romam,
1726 915 1910 952 sequentes
1926 910 2056 942 dictum
2071 910 2142 941 Do-

293 964 431 995 minum.
478 963 522 994 Et
546 963 766 1005 congregatis
790 962 948 994 omnibus
973 972 1050 993 cum
1073 961 1389 994 Mediolanensibus
1422 969 1455 994 et
1486 963 1759 1005 Bergamaschis‚
1784 963 1841 1005 qui
1867 969 1948 994 tunc
1979 962 2144 994 tenebant

293 1026 370 1046 cum
396 1015 487 1047 dicto
512 1016 672 1053 Domino,
697 1025 799 1046 causa
822 1015 977 1047 faciendi
1000 1015 1179 1047 transitum
1202 1026 1264 1057 per
1280 1015 1534 1054 Lombardiam,
1552 1015 1702 1047 Ubertus
1718 1015 1938 1047 Pelavicinus
1964 1020 1999 1047 et
2015 1015 2142 1047 Boxius

295 1068 338 1099 de
360 1068 486 1100 Doaria
510 1079 587 1100 cum
611 1068 679 1099 suis
696 1067 985 1100 Cremonensibus
1009 1074 1042 1099 et
1066 1068 1141 1099 aliis
1157 1068 1227 1099 suis
1252 1068 1370 1100 amicis
1393 1068 1438 1100 ad
1454 1068 1601 1099 invicem
1626 1067 1837 1110 congregati,
1853 1068 1947 1109 apud
1964 1067 2141 1099 Sulcinum

293 1121 475 1153 voluerunt
499 1132 533 1152 se
558 1130 736 1163 opponere
761 1126 881 1152 contra
904 1119 1089 1162 predictos,
1114 1121 1255 1164 Bryssia
1277 1121 1407 1152 munita
1430 1132 1493 1162 per
1516 1131 1585 1153 eos.
1632 1121 1677 1153 Et
1701 1126 1782 1152 tunc
1807 1121 1891 1153 dicti
1908 1121 2068 1159 Franchi,
2085 1121 2143 1163 qui

295 1179 392 1205 erant
407 1176 474 1204 XL¹¹¹
491 1173 547 1205 vel
563 1173 680 1215 plures
696 1173 789 1215 apud
805 1178 923 1214 portas
938 1172 1075 1215 Bryssie
1093 1173 1298 1205 transierunt
1322 1173 1377 1205 die
1395 1183 1477 1204 ν1111
1494 1173 1620 1205 mensis
1635 1173 1831 1205 novembris
1848 1179 1881 1204 et
1895 1173 2027 1204 iverunt
2042 1173 2144 1204 Mon-

293 1227 526 1263 tem-clarum3
545 1232 579 1258 et
594 1226 642 1258 ibi
656 1226 858 1258 invenerunt
871 1225 1046 1258 dominum
1058 1226 1296 1258 Marchionem
1311 1232 1491 1264 estensem,
1509 1227 1669 1258 comitem
1687 1225 1804 1258 Sancti
1829 1226 2021 1264 Bonefacii,
2044 1225 2145 1257 Man-

294 1285 415 1311 tuanos
433 1284 466 1310 et
482 1279 511 1311 F
513 1278 703 1310 erarienses
719 1278 755 1309 in
770 1277 923 1310 exercitu
946 1278 981 1309 in
1006 1278 1131 1309 auxilio
1150 1278 1232 1310 dicti
1248 1279 1340 1321 regis
1355 1278 1511 1310 Karu1i1.
1554 1278 1597 1309 Et
1622 1284 1702 1309 tunc
1720 1277 1877 1309 dominus
1893 1278 1989 1319 Papa
2012 1277 2145 1309 djmixit

293 1337 439 1374 peccata
463 1332 630 1370 omnibus,
655 1332 713 1374 qui
737 1331 900 1362 auxilium
916 1330 1044 1362 dabant
1061 1331 1155 1363 dicto
1172 1331 1316 1370 Karulo,
1332 1331 1381 1363 ita
1396 1332 1490 1374 quod
1506 1331 1571 1373 ipsi
1587 1341 1649 1373 per
1666 1331 1733 1363 vim
1756 1331 1913 1362 vicerunt
1940 1337 1974 1362 et
1998 1341 2144 1372 accepe-

294 1391 372 1416 runt
395 1383 524 1416 dictum
547 1383 849 1415 Montem-clarum
868 1389 901 1415 et
918 1383 1139 1425 Capriolum²
1164 1389 1199 1415 et
1215 1384 1321 1415 multa
1337 1383 1404 1414 alia
1429 1389 1551 1421 castra,
1575 1383 1634 1414 ubi
1656 1394 1718 1425 per
1742 1383 1834 1424 ipsos
1857 1383 1980 1415 mortui
2004 1384 2145 1415 fuerunt

294 1448 411 1470 omnes
443 1437 509 1469 viri
537 1443 606 1469 tam
636 1437 753 1479 magni
777 1447 879 1479 quam
902 1436 998 1479 parvj
1031 1442 1065 1468 et
1095 1437 1256 1469 mulieres
1286 1441 1319 1468 et
1348 1436 1514 1469 derobati.
1561 1437 1673 1468 Etiam
1705 1443 1915 1478 acceperunt
1946 1435 2143 1480 Palacolum

293 1502 354 1533 per
378 1491 446 1523 vim
472 1497 505 1522 et
529 1491 573 1522 de
598 1490 690 1522 dicta
713 1496 806 1522 terra
829 1496 1041 1531 aeceperunt
1064 1499 1151 1521 cccc
1174 1489 1297 1521 milites
1321 1496 1354 1521 et
1378 1489 1470 1521 mille
1495 1490 1641 1531 pedites.
1686 1488 1767 1526 Quo
1791 1490 1886 1521 facto
1911 1489 2022 1521 dictus
2044 1489 2145 1521 Pela-

294 1545 429 1576 vicinus
454 1550 486 1575 et
511 1543 620 1575 dictus
644 1542 771 1575 Boxius
805 1549 838 1574 et
869 1552 988 1575 omnes
1012 1554 1131 1575 eorum
1153 1552 1320 1585 sequaces
1350 1542 1493 1574 confuxi
1524 1542 1661 1574 domum
1692 1541 1878 1574 redierunt.
1925 1541 1971 1574 Et
2000 1542 2028 1574 si
2060 1541 2144 1574 dicti

294 1597 446 1630 Franchi
470 1596 636 1629 victualia
659 1596 868 1634 habuissent,
893 1596 1076 1639 Bryssyam
1099 1596 1133 1628 vi
1149 1595 1377 1637 accepissent.
1425 1596 1470 1627 Et
1491 1601 1709 1627 recesserunt
1725 1595 1768 1626 de
1792 1595 2002 1627 Lombardia
2031 1601 2064 1627 et
2087 1605 2146 1626 ve-

294 1656 417 1682 nerunt
440 1661 557 1682 versus
582 1649 752 1681 civitatem
785 1648 935 1681 Ferarie.
982 1649 1083 1680 Tunc
1112 1649 1270 1680 dominus
1297 1648 1457 1680 Marchio
1488 1648 1561 1680 fieri
1592 1648 1678 1680 fecit
1708 1654 1848 1689 pontem
1880 1659 1982 1690 super
2013 1648 2146 1680 Padum

294 1705 387 1746 apud
412 1703 576 1736 Sanctum
599 1700 801 1739 Matheum⁸,
824 1703 917 1734 unde
943 1701 1028 1734 dicti
1052 1702 1203 1734 Franchi
1227 1701 1435 1733 transierunt
1453 1711 1556 1733 causa
1580 1701 1685 1733 eundi
1709 1701 1868 1733 Romam.

1102 1798 1336 1841 MCCLXVJ.

382 1871 531 1903 Karolus
546 1882 607 1903 rex
623 1870 811 1912 predictus,
829 1876 1012 1902 coronatus
1030 1880 1049 1901 a
1066 1870 1203 1901 domino
1220 1869 1315 1911 Papa
1324 1869 1344 1908 ⁴,
1367 1870 1509 1902 recessit
1526 1870 1569 1902 de
1587 1870 1699 1902 Roma
1716 1880 1793 1901 cum
1817 1880 1942 1913 magna
1958 1869 2146 1912 quantitate

294 1924 457 1956 'militum
482 1930 515 1955 et
539 1924 694 1966 peditum
719 1929 753 1955 et
777 1923 1039 1955 balistariorum.
1086 1923 1140 1954 De
1155 1933 1272 1955 mense
1289 1923 1454 1955 februarii
1473 1923 1564 1965 cepit
1579 1924 1628 1955 ire
1646 1934 1765 1955 versus
1777 1923 1955 1965 Apuliam:
1975 1929 2009 1955 et
2031 1922 2144 1964 primo

296 1977 431 2019 accepit
454 1983 594 2018 pontem
619 1975 819 2018 Ciprianum
833 1975 843 1991 ⁵
868 1982 901 2008 et
926 1976 1089 2008 Sanctum
1107 1974 1339 2007 Germanum⁶
1360 1985 1423 2017 per
1446 1975 1531 2013 vim;
1556 1985 1623 2017 qua
1646 1975 1690 2007 de
1721 1985 1825 2007 causa
1848 1975 1954 2007 multa
1977 1980 2088 2007 castra
2110 1980 2145 2006 et

295 2029 451 2062 fortilitie
477 2029 682 2061 obedierunt
704 2028 781 2072 regi
805 2028 973 2071 predicto.
1020 2029 1120 2061 Tunc
1144 2039 1206 2060 rex
1228 2028 1434 2060 Manfredus
1457 2029 1601 2060 recessit
1628 2027 1671 2060 de
1697 2027 1817 2070 Capua
1840 2039 1918 2060 cum
1941 2031 2032 2070 V1112¹¹
2056 2028 2144 2059 mili-

294 2083 386 2115 tibus
409 2083 464 2115 vel
489 2083 593 2122 circa,
618 2088 652 2114 et
676 2081 735 2113 ivit
751 2082 989 2114 Beneventum
1014 2088 1134 2114 contra
1156 2081 1287 2113 dictum
1315 2091 1444 2125 regem.
1487 2082 1568 2113 Rex
1590 2081 1740 2113 Karolus
1763 2081 1907 2112 audiens
1931 2081 1974 2113 de
1997 2080 2145 2113 adventu

296 2136 380 2168 dicti
403 2136 495 2178 regis
517 2134 706 2174 Manfredi,
731 2135 804 2166 sine
828 2145 925 2166 mora
949 2134 1091 2167 recessit
1125 2134 1169 2167 de
1193 2134 1282 2172 loco,
1306 2134 1365 2166 ubi
1396 2140 1477 2172 erat,
1511 2140 1544 2166 et
1567 2134 1629 2166 ivit
1652 2144 1770 2166 versus
1801 2134 1929 2166 dictum
1952 2143 2086 2177 regem3
2112 2139 2145 2164 et

364 2236 389 2262 6.
408 2237 431 2260 il
450 2236 529 2261 MUR.
548 2237 662 2267 registra
672 2239 734 2259 sotto
744 2235 836 2259 l'anno
855 2235 920 2264 1264
935 2238 1024 2266 questa
1043 2235 1139 2258 notizia
1158 2234 1202 2257 che
1221 2234 1234 2257 ἑ
1253 2237 1336 2258 tratta
1349 2234 1383 2257 dez
1402 2242 1439 2257 un
1455 2237 1531 2266 passo
1550 2234 1594 2257 clze
1612 2242 1689 2265 segue
1708 2233 1751 2257 nel
1779 2233 1923 2257 Cleronicon
1935 2232 2042 2257 Estense
2061 2241 2073 2256 ε·
2100 2233 2144 2256 che

294 2279 327 2301 luz
347 2280 395 2309 qui
412 2279 555 2302 introdutta
570 2281 620 2308 per
644 2278 753 2308 rugiam·
769 2277 964 2308 cronologiche:
994 2277 1036 2301 De
1057 2283 1152 2301 mense
1173 2275 1318 2301 februarii.
1356 2276 1496 2301 Dominus
1522 2276 1646 2300 marchio
1669 2276 1745 2300 Aczo
1773 2275 1901 2305 estensis,
1925 2275 1975 2307 qui
1999 2277 2066 2299 tunc
2085 2276 2145 2299 erat

294 2321 433 2345 Dominus
453 2319 590 2350 Ferrarie,
610 2320 691 2349 obiit,
713 2321 740 2343 et
759 2319 898 2351 sepultum
917 2318 973 2342 fuit
992 2325 1094 2351 corpus
1112 2317 1173 2342 eius
1199 2318 1228 2341 in
1246 2318 1338 2342 locum
1357 2317 1477 2342 fratrum
1497 2317 1640 2342 Minorum
1668 2318 1696 2341 in
1716 2318 1848 2342 Ferraria
1867 2324 1930 2341 cum
1950 2317 2073 2341 maximo
2094 2317 2144 2341 ho-

295 2370 377 2387 nore:
397 2363 424 2387 61
442 2362 543 2386 electus
562 2362 604 2385 est
622 2368 675 2392 pro
694 2368 727 2385 eo
747 2361 879 2385 dominus
900 2361 988 2385 Obizo
1008 2359 1132 2384 marchio
1151 2359 1227 2383 iuius
1241 2366 1337 2392 nepos.
1374 2359 1400 2382 Π
1418 2360 1495 2384 Mun.
1515 2359 1643 2390 togliendo
1663 2362 1753 2390 questa
1772 2360 1868 2382 noticia
1887 2359 1915 2381 al
1933 2359 2013 2382 brana
2038 2358 2144 2388 riserito

295 2408 356 2428 sotto
383 2404 473 2427 l'anno
498 2403 565 2426 1266
588 2404 617 2426 vi
640 2403 674 2426 ha
692 2403 820 2434 aggz'unto
847 2402 869 2425 le
883 2402 992 2433 parole:
1018 2403 1045 2425 et
1064 2401 1268 2433 electus-nepos
1287 2415 1319 2418 —
1348 2408 1388 2427 12.
1403 2401 1605 2434 Bergamasclis
1624 2402 1667 2428 Α,·
1694 2401 1928 2432 Bergamensibus
1946 2401 2024 2424 Mun.
2045 2414 2078 2418 —
2101 2404 2141 2430 15.

295 2446 388 2470 voluit
406 2446 430 2469 A
446 2459 478 2462 —
495 2445 534 2470 16.
548 2447 605 2469 XL¹¹¹
625 2444 720 2468 lacuna
739 2444 811 2467 Μἰιν.
833 2457 843 2461 -
863 2445 949 2468 vn10‘
967 2443 991 2466 Α
1007 2457 1040 2460 -
1055 2448 1099 2474 31.
1119 2442 1215 2476 Capua
1228 2444 1317 2466 scritto
1332 2443 1545 2474 posteriormente
1555 2443 1618 2466 inA
1638 2442 1711 2465 dalla
1729 2445 1807 2465 stessa
1817 2450 1892 2466 mano
1905 2444 1981 2473 sopra
1993 2450 2045 2466 uno
2058 2443 2142 2473 spacio

299 2489 402 2511 (affinio
422 2489 449 2510 z'n
470 2487 558 2510 bz'anco

389 2556 396 2572 ¹
418 2556 521 2581 Vedasi
540 2556 561 2580 il
582 2557 700 2580 trattato
720 2556 748 2579 (11
766 2557 842 2587 Lega
862 2557 906 2580 tra
926 2555 1012 2581 Carlo
1032 2555 1044 2579 1
1069 2553 1193 2587 d’Angio

297 2599 331 2623 da
348 2606 404 2623 una
424 2599 502 2630 parte
523 2598 556 2622 ed
576 2598 680 2622 Obizzo
700 2597 808 2627 d'Este,
829 2597 976 2621 Lodovico
996 2597 1080 2621 conte
1099 2596 1128 2620 di
1141 2596 1195 2619 Ve-

296 2648 375 2670 rona,
395 2640 405 2663 i
424 2640 538 2663 comuni
557 2639 586 2664 di
606 2640 724 2663 Ferrara
743 2647 757 2663 e
778 2639 806 2662 di
832 2639 969 2663 Mantova
989 2637 1125 2662 dawaltra
1151 2637 1194 2661 del

1249 2552 1321 2578 citta
1340 2554 1369 2578 di
1388 2555 1512 2579 Feri-ara.
1534 2554 1578 2579 Cf.
1599 2554 1636 2578 M.
1656 2554 1690 2578 A.
1711 2553 1863 2583 Gumznso,
1886 2553 2040 2584 compendio
2056 2553 2144 2577 Isisto-

1249 2596 1301 2618 rico
1321 2595 1387 2618 delle
1406 2596 1488 2618 chiese
1508 2596 1539 2618 dz·
1553 2595 1680 2622 Ferrum,
1701 2595 1827 2624 Ferrara,
1849 2594 1924 2624 1621,
1945 2602 1991 2626 pp.
2012 2594 2100 2626 456-7.

1337 2635 1348 2650 ⁴
1370 2637 1454 2661 Carlo
1474 2637 1486 2660 Ι
1506 2636 1630 2669 d'Anjou
1649 2636 1761 2660 fratello
1781 2635 1810 2659 di
1829 2635 1912 2667 Luigi
1931 2643 1960 2659 re
1975 2636 2004 2660 di
2017 2636 2144 2666 Francia,

296 2684 398 2713 giorno
415 2688 427 2712 5
442 2680 570 2712 d‘agosto
587 2680 663 2710 1263,
677 2680 854 2705 confermato
868 2680 898 2704 di
911 2680 959 2712 poi
973 2681 1004 2703 in
1017 2680 1106 2703 Roma
1119 2678 1194 2702 dallo

296 2727 387 2748 stesso
407 2723 492 2747 Carlo
511 2723 556 2746 nel
576 2723 677 2753 giorno
700 2728 730 2746 12
746 2722 775 2745 (11
788 2721 940 2746 novembre
963 2720 1039 2751 1265.
1061 2714 1195 2748 CmdLLA,

298 2766 454 2789 Documenti
467 2767 518 2795 per
544 2765 569 2786 la
591 2764 673 2787 storia
698 2763 765 2786 delle
791 2763 918 2786 relazioni
942 2761 1123 2793 dzplomoticlze
1142 2760 1195 2790 fra

304 2808 401 2829 l'croncz
421 2814 433 2829 e
452 2806 576 2829 Mantom
597 2806 639 2828 nel
658 2806 735 2829 secolo
755 2805 840 2832 XIII,
860 2805 921 2828 doc.
940 2804 983 2829 60.

385 2847 395 2862 ²
416 2847 551 2880 Capi-'tolo
576 2848 692 2879 box-gata
717 2847 787 2870 sulla
812 2847 873 2870 riva
893 2847 1008 2870 sinistra
1035 2844 1194 2876 dell’Oglio

299 2890 370 2914 nella
390 2890 535 2922 provincia
555 2889 583 2913 di
603 2888 724 2912 Brescia.

387 2931 397 2945 ³
418 2931 520 2956 Chiesu
540 2930 568 2955 di
593 2937 643 2954 san
669 2931 774 2954 Matteo
793 2930 918 2954 distante
943 2937 978 2953 un
999 2929 1094 2961 miglio
1121 2929 1194 2953 dallo.

1248 2678 1336 2703 eletto
1356 2686 1385 2703 re
1404 2679 1425 2702 il
1444 2677 1473 2702 (11
1494 2685 1526 2709 29
1546 2679 1657 2710 maggio
1680 2677 1755 2708 1265,
1774 2677 1806 2701 fu
1820 2678 1989 2702 incoronato
2003 2677 2077 2701 nella
2091 2678 2143 2701 Ba-

1248 2720 1328 2744 silica
1353 2720 1491 2744 Vaticana
1515 2720 1587 2743 nella
1615 2719 1686 2744 festa
1714 2718 1917 2750 dell'Epifania
1946 2719 2021 2743 ossia
2048 2719 2091 2742 nel
2117 2717 2145 2742 di

1248 2761 1263 2785 6
1283 2762 1404 2793 gennaio
1428 2761 1504 2786 1266.

1335 2802 1345 2817 5
1365 2802 1497 2835 Cepi-ano
1511 2802 1579 2827 sulla
1594 2803 1655 2826 riva
1670 2803 1762 2826 destra
1776 2802 1818 2826 del
1833 2802 1893 2826 Liri
1907 2810 1923 2827 a
1939 2802 2059 2826 (11010110
2073 2801 2143 2825 kilo-

1249 2846 1331 2868 metri
1350 2844 1457 2868 sud-esi:
1476 2844 1511 2868 da
1531 2844 1698 2868 Frosinone.

1336 2885 1346 2901 ⁵
1366 2888 1420 2910 San
1441 2887 1584 2911 Germano
1605 2893 1621 2909 ο
1641 2886 1761 2910 Cassino
1779 2886 1886 2910 situato
1906 2886 1935 2909 in
1954 2885 2102 2916 provincia
2116 2885 2143 2909 di

1246 2930 1372 2953 Caserta.

2169 858 2207 888 10

2170 1118 2207 1152 15

2169 1384 2210 1414 20

2170 1647 2210 1679 25

2168 1974 2210 2006 30

2173 2643 2206 2661 20

2173 2853 2205 2877 23
