2297 3476
159 480 190 497 a„
208 474 247 492 310

159 550 177 562 c.
194 547 243 565 327*

165 2180 184 2194 c.
200 2177 227 2196 33
237 2179 251 2192 v

274 2812 305 2829 10

331 154 373 187 18
960 148 1275 184 CHRONICON
1303 147 1535 182 ESTENSE
1861 153 1944 186 [AA.
1967 154 2164 186 1241-1245]

407 286 509 318 Circa
532 285 597 316 hec
622 288 778 325 tempora
802 282 878 314 fera
901 292 986 325 gens
1017 281 1240 313 Tartarorum
1266 279 1393 324 gladio,
1425 280 1595 312 incendiis
1627 286 1661 312 et
1689 281 1816 322 rapinis
1841 286 1945 312 totam
1977 279 2163 323 Ungariam

321 338 432 370 subito
456 336 658 369 devastavit.
704 335 804 366 Tunc
827 344 888 366 rex
911 333 1009 366 Bella
1031 333 1088 365 vix
1112 343 1229 365 eorum
1253 332 1408 364 manibus
1440 333 1557 370 evasit,
1582 332 1718 375 fugiens
1742 333 1786 364 ad
1809 332 2034 364 marictimam
2067 331 2162 363 Scla-

321 392 422 423 vonie
447 389 660 422 festinanter.

1137 454 1319 488 MCCXLI
1320 455 1351 498 J.

409 530 611 562 Cardinales
634 534 710 570 post
733 527 838 559 multa
863 527 1008 559 consilia
1040 526 1209 569 eligerunt
1232 524 1405 557 dominum
1437 526 1655 558 Sinibaldum
1680 526 1890 558 cardinalem
1913 527 1957 559 de
1974 525 2166 559 'comitibus

318 584 483 622 Lavanie‚
496 582 635 614 natione
649 582 858 619 ianuensem,
871 581 907 611 in
919 590 1084 611 summum
1096 579 1305 621 pontificem,
1319 579 1377 621 qui
1391 579 1581 621 appellatus
1595 585 1645 611 est
1658 579 1878 611 Innocentius
1891 590 1981 621 papa
1994 583 2134 621 quartus
2144 580 2164 609 ¹.

318 637 386 668 Iste
411 635 557 679 quesivit
580 635 655 666 fere
680 634 813 666 duobus
839 633 935 665 annis
959 632 1087 664 habere
1111 642 1233 673 pacem
1258 642 1336 663 cum
1360 631 1582 673 Imperatore,
1607 631 1726 663 volens
1750 632 1851 662 finem
1874 631 2039 673 inponere
2064 631 2166 663 ‘tantis

318 689 425 721 malis.
472 688 532 720 Set
551 688 741 729 Imperator
765 697 841 719 cum
865 686 941 717 fere
964 691 1071 717 totam
1095 684 1247 716 Ytaliam
1269 683 1472 725 possideret,
1497 684 1530 714 in
1554 683 1750 725 superbiam
1775 683 1936 722 elevatus,
1955 684 2058 715 verba
2083 693 2166 725 que-

319 743 397 774 dam
420 741 546 773 blanda
570 740 718 778 dicebat,
742 745 794 771 set
817 749 991 771 romanam
1019 738 1211 770 Ecclesiam
1236 736 1426 779 deprimere
1451 737 1564 768 modis
1587 736 1743 769 omnibus
1767 736 1954 778 satagebat.
1998 736 2166 778 Superbie

321 796 424 838 quipe
447 794 571 836 spiritu
594 793 786 824 inflamatus
809 791 1026 834 proponebat
1051 790 1208 822 ecclesiis
1233 790 1369 821 auferre
1393 789 1650 822 iurisdictiones
1667 795 1700 821 et
1722 790 1937 832 posessiones
1959 788 2118 821 villarum
2134 794 2168 820 et

319 855 518 886 castrorum,
543 846 666 889 quibus
690 852 788 877 erant
811 845 854 876 ab
878 845 1027 887 Imperio
1059 844 1276 886 predoctate‚
1301 849 1335 875 et
1358 844 1472 875 taliter
1501 843 1639 874 volebat
1661 843 1840 874 humiliare
1870 842 2064 884 superbiam
2096 842 2166 873 cle-

319 902 478 933 ricorum.
524 900 569 932 Et
591 899 674 931 licet
698 899 773 941 ipse
796 898 990 940 versipellis
1008 902 1095 929 esset
1110 896 1293 938 plurimum
1311 901 1344 927 et
1366 901 1507 933 astutus,
1525 902 1637 927 tamen
1655 896 1686 936 (⁴⁴
1701 905 1744 927 ex
1756 895 1988 926 habundantia
2006 894 2109 926 animi
2131 904 2168 925 os

321 953 468 996 loquitur
481 952 527 993 „²)
551 953 650 984 istam
674 951 877 994 sacrilegam
900 950 1136 992 volunptatem
1152 960 1220 981 non
1236 954 1374 991 poterat
1391 948 1576 980 occultare.
1601 947 1704 980 Unde
1730 953 1849 980 contra
1871 957 1908 979 se
1924 947 2039 979 odium
2055 947 2168 988 prela-

321 1014 432 1040 torum
454 1008 490 1038 in
513 1012 586 1038 toto
610 1005 756 1047 imperio
779 1015 848 1036 non
872 1004 1046 1035 modicum
1071 1002 1242 1034 excitavit.

408 1062 448 1092 In
472 1061 539 1091 hoc
564 1069 666 1097 anno,
691 1059 734 1091 de
758 1067 876 1089 mense
900 1057 1011 1088 martii
1034 1057 1202 1098 populosa
1225 1056 1462 1098 Montagnana
1487 1055 1603 1087 divino
1627 1055 1756 1087 iudicio
1789 1060 2016 1087 concremata.
2064 1053 2170 1091 Quod

321 1115 462 1147 audiens
486 1112 671 1150 EcelHnus,
696 1112 805 1154 ipsam
829 1111 1033 1143 festinanter
1056 1110 1091 1141 in
1114 1109 1228 1142 valida
1251 1119 1352 1140 manu
1377 1108 1568 1150 occupavit.

1130 1206 1331 1240 MCCXLH
1333 1206 1362 1249 J.

409 1282 588 1314 Existente
613 1281 770 1314 Galvano
794 1280 933 1312 Lancea
956 1279 1085 1312 vicario
1109 1278 1143 1309 in
1166 1278 1336 1316 Marchia,
1362 1283 1510 1310 castrum
1535 1277 1653 1310 Sancti
1677 1275 1850 1309 Bonefatii
1874 1286 1893 1306 a
1911 1274 2170 1307 Veronensibus

322 1342 373 1369 est
397 1337 614 1368 destructum.
663 1334 733 1366 Sub
758 1334 880 1366 eodem
905 1343 993 1365 auno
1019 1332 1121 1364 etiam
1146 1341 1260 1364 comes
1289 1332 1332 1363 de
1363 1330 1515 1363 Panico³
1550 1331 1632 1362 civis
1656 1328 1855 1361 veronensis
1887 1335 1937 1361 est
1967 1328 2085 1361 Padue
2110 1329 2170 1360 de-

321 1389 482 1426 collatus;
506 1388 672 1431 multique
696 1387 759 1419 viri
782 1386 914 1418 nobiles
939 1391 973 1417 et
996 1385 1158 1427 preclari,
1182 1384 1341 1417 accuxati
1364 1385 1408 1416 de
1432 1383 1660 1426 prodictione,
1684 1382 1824 1414 Verone
1848 1387 1926 1413 sunt
1950 1381 1992 1413 ab
2012 1381 2170 1413 Ecellino

323 1442 533 1474 diversorum
558 1446 803 1473 tormentorum
833 1438 1016 1482 generibus
1047 1438 1236 1469 interfecti.
1282 1437 1327 1469 Et
1350 1443 1431 1469 tunc
1455 1436 1564 1478 primo
1597 1442 1786 1479 tyranpnus
1814 1434 1977 1476 asumpsit
2008 1434 2170 1466 maiorem

323 1495 501 1528 audaciam
524 1495 572 1526 ita
594 1493 727 1525 nobiles
750 1498 785 1524 et
807 1498 966 1534 potentes
989 1492 1077 1524 sicut
1099 1490 1270 1534 ignobiles
1293 1496 1327 1522 et
1349 1500 1519 1532 pauperes
1541 1488 1728 1531 puniendo.

409 1549 543 1581 Eodem
567 1557 656 1579 anno
680 1546 795 1578 nobile
821 1551 968 1578 castrum
993 1543 1160 1577 Hostilie⁴
1185 1555 1204 1576 a
1227 1544 1424 1576 Mantuanis
1442 1549 1492 1575 est
1509 1543 1731 1575 destructum.

1122 1641 1340 1675 MCCXLIH
1342 1641 1371 1683 J.

414 1717 516 1749 Circa
539 1717 665 1748 festum
689 1715 800 1747 sancti
819 1714 986 1758 Johannis
1020 1713 1174 1755 Baptiste
1198 1711 1434 1755 magnanimus
1456 1711 1656 1743 Inocentius
1679 1721 1769 1752 papa
1792 1709 1914 1742 videns
1950 1720 1985 1742 se
2008 1709 2106 1742 illudi
2129 1709 2173 1741 ab

323 1772 535 1813 Imperatore
558 1769 672 1801 verbis
696 1776 731 1802 et
759 1767 1040 1811 promissionibus
1063 1765 1313 1803 fraudulenter,
1337 1765 1451 1796 sciens
1482 1764 1576 1807 quod
1600 1770 1650 1796 est
1680 1764 1854 1806 scriptum,
1879 1761 1972 1806 quod
1995 1773 2050 1793 ars
2077 1762 2174 1794 delu-

324 1825 415 1858 ditur
439 1830 521 1862 arte,
545 1823 642 1855 finxit
665 1833 701 1855 se
729 1823 818 1855 velle
852 1821 1072 1863 conloquium
1102 1819 1230 1851 habere
1256 1829 1333 1850 cum
1356 1818 1522 1862 Augusto,
1555 1823 1589 1849 et
1612 1823 1692 1849 tunc
1718 1817 1862 1849 latenter
1894 1822 1929 1848 et
1952 1821 2050 1848 caute
2082 1814 2173 1857 apud

323 1879 506 1911 Civitatem
530 1882 683 1908 veterem
706 1876 840 1920 galeam
856 1875 1004 1912 intravit,
1029 1879 1064 1905 et
1086 1873 1135 1905 sic
1160 1873 1204 1904 ad
1227 1873 1332 1904 Ianue
1356 1872 1476 1904 urbem
1500 1871 1648 1903 feliciter
1664 1871 1847 1913 navigavit.
1893 1870 2084 1911 Imperator
2106 1869 2174 1900 hoc

325 1931 477 1969 audiens,
502 1931 625 1962 timens
641 1930 723 1962 tanti
740 1930 805 1961 viri
822 1928 1055 1972 sagacitatem,
1074 1933 1125 1959 est
1140 1937 1210 1958 non
1226 1925 1399 1958 modicum
1418 1925 1650 1957 conturbatus.
1697 1925 1792 1966 Papa
1806 1925 1923 1967 itaque
1940 1924 2034 1955 circa
2049 1923 2173 1954 festum

324 1985 435 2018 sancti
457 1985 553 2017 Luce
588 1994 651 2026 per
682 1990 790 2016 terras
825 1982 960 2015 comitis
995 1979 1189 2013 sabaudie⁵
1220 1980 1255 2011 in
1288 1980 1430 2012 Galeam
1462 1979 1692 2021 pertransivit,
1723 1978 1899 2021 figensque
1931 1976 2049 2008 sedem
2079 1986 2175 2007 suam

326 2038 418 2081 apud
441 2036 648 2080 Lugdinum,
673 2037 786 2069 statim
815 2036 911 2067 mixit
933 2044 995 2077 per
1019 2034 1214 2066 universum
1245 2033 1375 2071 orbem,
1399 2031 1443 2064 ad
1468 2030 1731 2063 convocandum
1761 2031 1912 2072 prelatos
1936 2036 1969 2062 et
1998 2029 2176 2071 principes

327 2092 371 2124 ad
395 2091 575 2123 consilium
598 2089 770 2134 generale.

1145 2156 1356 2190 MCCXLV.

414 2224 517 2257 Circa
540 2224 665 2256 festum
689 2223 799 2255 sancti
823 2223 988 2266 Johannis
1011 2221 1166 2264 Baptiste
1191 2221 1322 2252 factum
1351 2225 1401 2252 est
1434 2218 1635 2251 conscilium
1659 2218 1842 2250 maximum
1872 2216 2047 2260 Lugduni,
2075 2222 2176 2257 atque

329 2279 451 2311 citatus
467 2278 657 2320 Imperator
673 2277 900 2319 personaliter
915 2277 967 2307 ire
985 2274 1196 2317 contempsit.
1242 2272 1345 2306 Unde
1361 2278 1503 2315 propter
1519 2272 1763 2304 contumatiam
1782 2271 1854 2303 eius
1867 2277 1902 2303 et
1917 2269 2177 2302 innumerabilia

417 2397 442 2415 2.
460 2390 631 2414 maritimam
651 2390 739 2413 scritto
755 2383 967 2420 posteriormerite
987 2389 1015 2411 in
1034 2389 1058 2411 A
1078 2387 1147 2411 dallo
1165 2390 1240 2410 stesso
1259 2388 1355 2418 copis-ta
1374 2390 1449 2418 sopra
1470 2394 1520 2410 uno
1539 2385 1624 2416 spa-‘tio
1644 2385 1748 2408 lascz'ato
1767 2385 1796 2407 z'n
1815 2384 1904 2407 biam-o
1924 2396 1956 2400 —-
1976 2382 2001 2407 8.
2015 2389 2076 2406 cum
2095 2381 2174 2406 MUR.

331 2440 378 2456 om.
398 2433 422 2456 A
435 2445 467 2449 —
485 2439 525 2456 13.
539 2432 601 2462 dopo
615 2432 709 2455 tamen
723 2430 802 2455 MUR.
817 2437 877 2461 agg.
891 2431 956 2461 quia
970 2443 1003 2447 —
1019 2436 1060 2461 13.
1075 2429 1251 2462 sacrilegiam
1271 2429 1295 2452 A
1310 2442 1341 2445 —
1359 2435 1398 2460 19.
1413 2427 1511 2452 eodem
1525 2433 1600 2450 anno
1621 2433 1666 2449 om.
1682 2425 1705 2449 A
1715 2435 1725 2452 ,⁴
1739 2425 1836 2449 eodem
1856 2431 1931 2448 anno
1951 2424 2027 2456 dagli
2044 2424 2122 2447 Arm.
2143 2435 2175 2439 —

332 2481 374 2499 20.
394 2476 420 2499 et
441 2473 574 2505 multique
592 2473 616 2496 A
636 2486 648 2491 -
667 2472 768 2505 plecari
787 2473 810 2496 A
830 2485 862 2489 -
883 2479 925 2496 21.
944 2470 1048 2504 primo]
1069 2478 1121 2503 pro
1141 2471 1198 2494 imo
1216 2470 1240 2493 A
1256 2482 1288 2487 -
1303 2476 1345 2501 30.
1365 2468 1504 2494 Sabaudie
1524 2469 1553 2491 z’n
1571 2467 1595 2491 A
1614 2469 1703 2491 scritto
1722 2467 1784 2498 dopo
1804 2466 1873 2490 dallo
1892 2469 1966 2490 stesso
1986 2466 2081 2496 copz'sta
2100 2467 2176 2495 sopra

330 2524 381 2539 uno
400 2516 484 2547 spazio
504 2516 610 2538 lasciato
630 2516 658 2538 in
678 2515 767 2538 bianco
787 2528 819 2531 —
840 2521 882 2546 31.
902 2513 1064 2545 Lugdinum
1083 2513 1113 2536 z'n
1131 2512 1155 2536 A
1174 2513 1262 2536 scritto
1282 2513 1344 2543 dopo
1364 2511 1433 2534 dallo
1452 2514 1526 2534 stesso
1539 2511 1635 2541 copista
1653 2512 1729 2540 sopra
1748 2516 1799 2532 uno
1812 2509 1896 2540 spmz'o
1917 2508 2021 2531 lascz'ato
2041 2507 2070 2530 z‘n
2084 2506 2173 2529 bianco

334 2572 365 2574 —
386 2565 428 2590 34.
448 2557 592 2589 Lugdinio
610 2557 633 2580 A

420 2633 429 2650 ¹
450 2641 483 2666 25
504 2635 623 2666 giugno.
1279 2630 1431 2656 Bonifacio
1451 2630 1476 2654 si
1495 2629 1578 2654 trovo
1602 2630 1731 2663 presente
1755 2629 1808 2653 alla
1833 2628 1965 2653 sentenza
1991 2625 2178 2659 pronunciata

420 2675 430 2691 ²
450 2677 558 2706 MATR„
582 2675 622 2707 12,
641 2681 676 2700 34.
1143 2693 1146 2698 ,
1281 2672 1343 2697 dall'
1352 2673 1524 2705 Imperatore
1544 2671 1563 2695 il
1585 2678 1615 2703 13
1635 2672 1742 2703 giugno
1765 2676 1832 2700 1239
1853 2671 1882 2693 in
1897 2669 2019 2693 Venezia
2036 2668 2137 2692 contro
2157 2667 2179 2690 il

419 2717 430 2734 3
448 2719 597 2744 Bonifacio
616 2721 699 2743 conte
718 2719 747 2743 di
766 2720 872 2744 Panico
895 2718 1075 2743 condannato
1100 2725 1117 2741 a
1136 2719 1227 2742 morte
1282 2715 1426 2740 Marchese
1446 2715 1562 2743 estense,
1577 2713 1597 2737 il
1615 2713 1698 2737 conte
1712 2713 1741 2736 di
1760 2711 1814 2736 San
1829 2710 1979 2735 Bonifacio
1992 2709 2026 2734 ed
2045 2709 2112 2733 altri
2131 2708 2180 2740 (cf.

331 2762 376 2786 nel
394 2769 410 2793 4
429 2761 545 2794 giugno.
583 2761 731 2786 Cittadino
752 2762 781 2786 di
801 2761 924 2791 Verona,
943 2760 976 2785 fu
990 2760 1078 2784 molto
1093 2760 1184 2784 amico
1198 2759 1228 2784 di
1283 2758 1385 2786 Vener,
1409 2756 1467 2779 Cod.
1488 2755 1559 2782 ecel„
1579 2755 1640 2780 doc.
1663 2759 1720 2785 152,
1741 2761 1767 2786 p.
1788 2758 1847 2784 271.

332 2803 474 2832 Ezzelin03
490 2801 731 2832 infatti,allorche
744 2804 872 2827 Ezzelino
885 2801 969 2834 sposo
983 2801 1229 2834 Selvaggia‚figlia
1373 2798 1384 2814 ⁴
1411 2798 1548 2830 Ostiglia,
1575 2797 1647 2821 sulla
1676 2796 1792 2820 sinistra
1821 2795 1866 2819 del
1894 2795 1934 2819 Po
1964 2801 1980 2818 a
2010 2793 2123 2818 sud-est
2150 2792 2179 2816 di

333 2845 361 2868 di
381 2844 514 2869 Federico
533 2844 559 2868 ΙΙ
580 2843 624 2876 (²3
645 2846 755 2876 maggio
778 2844 855 2876 1238)
874 2844 900 2868 la
919 2844 1058 2868 condusse
1071 2844 1102 2867 in
1115 2843 1229 2867 Verona
1284 2841 1429 2865 Mantova.

334 2886 408 2911 nella
426 2893 490 2910 casa
504 2886 533 2910 di
552 2885 703 2911 Bonifacio
716 2888 799 2910 conte
811 2886 841 2910 di
854 2886 961 2910 Panico
976 2885 1104 2917 (PAR1s11
1122 2891 1160 2909 DE
1174 2883 1229 2909 ΟΕ·
1373 2881 1384 2898 ⁵
1404 2881 1529 2907 Amedeo
1548 2881 1597 2907 IV.
1632 2881 1791 2905 Innocenzo
1810 2877 1967 2904 s'imbarc&
1987 2878 2007 2902 il
2027 2883 2060 2909 29
2073 2877 2180 2908 giugno

334 2935 418 2959 REDA,
438 2928 554 2952 Annales
579 2928 731 2952 Wroncnses
751 2929 781 2953 in
801 2928 838 2951 M.
857 2928 887 2951 G.
902 2928 950 2955 H,
970 2927 1016 2952 SS.
1037 2926 1111 2957 XIX,
1130 2934 1156 2959 p.
1179 2925 1230 2957 ιι).
1288 2931 1354 2957 ιιι4
1375 2932 1390 2949 a
1410 2923 1622 2949 Civitavecchia
1640 2929 1655 2946 e
1674 2921 1752 2954 salpe
1772 2929 1790 2947 a
1809 2921 1927 2946 Genova
1946 2920 1992 2944 nel
2010 2923 2026 2950 7
2044 2918 2141 2950 luglio.

2196 790 2232 819 10

2197 1053 2232 1084 15

2194 1382 2235 1412 20

2197 1710 2215 1739 [Q

2221 1708 2237 1739 Ul

2199 1975 2240 2007 30

2200 2268 2240 2300 35

2210 2671 2239 2696 15

2208 2884 2242 2901 20
