2297 3476
97 776 153 794 Mun

161 790 172 796 ..
188 776 223 795 371

255 2797 267 2821 5

311 157 329 196 7
338 159 357 193 8
942 160 1253 196 CHRONICON
1287 161 1515 196 ESTENSE
1979 168 2029 203 [A.
2051 171 2066 195 1
2073 171 2109 195 31
2116 171 2146 203 ο]

307 296 556 331 procuratores,
575 291 734 328 notarios,
752 291 927 329 ancianos,
945 291 1178 332 proconsules,
1203 291 1415 329 defensores
1433 296 1468 322 et
1484 291 1569 323 alios
1586 292 1739 324 offitiales
1756 293 1850 324 dicte
1868 294 2015 325 civitatis
2022 305 2030 330 3
2049 300 2083 325 et
2099 294 2148 324 in—

307 343 404 374 simul
428 353 545 374 omnes
560 343 694 374 iverunt
711 342 868 374 Castrum
892 343 1045 375 tealdum
1068 344 1113 374 ad
1136 343 1349 375 tractandum
1366 353 1498 384 pacem.
1546 344 1694 383 Domini,
1719 345 1776 386 qui
1803 352 1899 378 erant
1920 346 1956 377 in
1981 346 2076 378 dicto
2094 357 2150 378 ca-

307 402 387 432 stro,
404 405 521 426 omnes
544 395 626 426 istos
650 395 799 427 detineri
824 397 992 427 fecerunt.
1039 395 1168 427 Omnes
1191 396 1250 434 illi,
1275 396 1332 438 qui
1356 395 1399 427 de
1423 401 1521 437 parte
1540 396 1696 428 Ecclesie
1724 404 1820 429 erant
1844 403 1879 430 et
1903 398 2071 430 dictorum
2088 400 2149 430 do-

306 449 472 479 minorum
490 447 730 479 Marchionum
754 454 787 479 et
809 448 928 490 populi
952 448 1117 485 Bononie‚
1141 460 1209 480 una
1226 459 1301 480 cum
1319 449 1457 481 domino
1474 449 1501 479 F
1505 449 1660 481 rancisco
1684 450 1881 482 marchione
1905 451 2063 492 predicto
2081 457 2149 483 tam

307 507 490 543 equestres,
515 512 616 543 quam
647 501 782 542 pedites
814 508 1022 533 cucurerunt
1050 501 1094 533 ad
1127 512 1221 533 arma
1252 513 1314 544 per
1345 508 1448 534 totam
1482 502 1653 534 civitatem
1683 503 1850 542 Ferrarie,
1884 510 1916 535 et
1947 505 2150 536 occiderunt

308 560 341 585 et
365 554 616 586 derobaverunt
638 554 829 595 populares,
855 554 1029 592 ecclesias,
1054 555 1269 592 monasteria,
1301 560 1334 587 et
1366 555 1431 586 alia
1464 555 1570 586 multa
1601 555 1691 587 mala
1721 556 1882 588 fecerunt
1912 567 1976 598 per
2005 558 2150 598 spatium

306 607 406 638 trium
431 607 572 638 dierum.
619 607 719 638 Tunc
745 607 974 649 SaHnguerra,
1006 607 1227 646 Rambertus,
1260 608 1417 640 dominus
1448 608 1651 640 Franciscus
1675 609 1718 640 de
1742 609 1958 641 Menabobus
1981 620 2057 642 cum
2082 610 2150 641 suis

306 659 511 702 sequacibus
534 660 697 702 fugerunt
720 660 764 692 de
789 660 964 697 Ferraria3
997 671 1102 702 quare
1135 661 1230 692 dicta
1263 661 1383 693 civitas
1407 661 1570 692 remansit
1595 661 1690 694 dicto
1713 662 1838 705 Ligato
1861 662 1980 695 libera.
2027 662 2151 694 Postea

306 724 367 754 per
390 712 519 755 aliquot
543 713 616 744 dies
641 713 753 745 dictus
776 713 909 756 legatus
934 714 976 745 de
1001 713 1196 751 carceratis,
1220 714 1277 756 qui
1302 719 1400 745 erant
1424 714 1458 745 in
1483 714 1604 746 Castro
1629 715 1754 753 tealdo,
1779 715 2070 753 malefactoribus,
2093 716 2151 758 qui

306 766 337 796 in
362 766 427 797 hoc
451 766 589 797 fuerant
613 765 801 807 culpabiles
825 766 867 797 de
891 766 1026 798 insultu'
1057 772 1090 798 et
1121 767 1264 798 crimine
1297 767 1494 805 commissis,
1524 768 1657 799 scilicet
1681 768 1841 799 dominus
1867 768 1989 800 Petrus
2022 769 2064 801 de
2096 768 2150 801 Si-

305 818 421 856 fantis,
446 818 605 850 dominus
628 818 774 862 Cacaria
800 819 843 850 de
866 818 983 861 Lieiis,
1009 818 1167 851 dominus
1188 819 1330 851 Tadeus
1354 820 1396 851 de
1420 820 1579 863 Mecano,
1605 825 1639 852 et
1663 820 1721 852 alii
1745 821 1911 853 antedicti
1929 831 2046 853 omnes
2070 831 2151 853 con-

305 871 383 903 duci
407 871 491 903 fecit
515 870 669 902 manibus
693 871 841 913 alligatis
864 878 966 910 retro,
993 882 1069 903 cum
1094 872 1242 914 capistro
1267 872 1430 904 advoluto
1449 872 1546 904 circa
1561 873 1677 915 gulam
1700 883 1808 916 usque
1825 873 1975 915 plateam
1997 873 2152 906 comunis

304 924 470 955 Ferrarie.
517 924 674 965 Excepto
706 923 845 956 domino
877 923 1059 969 ‚Cacharia‚
1084 924 1141 967 qui
1171 930 1314 966 propter
1344 924 1416 956 eius
1446 926 1628 966 pecuniam
1659 926 1781 965 evaxit,
1814 936 1932 958 omnes
1965 926 2023 958 alii
2049 936 2152 968 super

302 975 453 1017 plateam
477 977 631 1008 comunis
656 976 814 1008 Ferrarie
839 982 918 1008 ante
944 976 1066 1008 turrim
1083 977 1301 1009 dominorum
1318 977 1562 1010 Marchionum
1578 978 1735 1020 suspensi
1751 978 1891 1010 fuerunt
1917 979 1960 1010 ad
1984 979 2100 1010 furcas
2115 979 2150 1010 in

304 1029 457 1071 pluribus
481 1029 617 1062 vicibus
641 1035 706 1061 etc.

392 1082 527 1113 Eodem
551 1082 732 1114 millesimo
755 1092 842 1113 xxvt
869 1082 994 1114 mensis
1019 1083 1224 1115 novembris.
1273 1084 1505 1126 Salinguerra‚
1530 1083 1738 1116 Rambertus
1755 1086 1798 1116 de
1816 1084 2024 1124 Rambertis,
2042 1085 2150 1116 domi-

304 1145 367 1165 nus
390 1135 596 1167 Franciscus
621 1135 664 1167 de
689 1134 906 1166 Menabobus
929 1145 1008 1166 cum
1031 1136 1106 1167 aliis
1128 1136 1314 1168 rebellibus
1330 1142 1448 1168 sancte
1466 1137 1624 1169 Ecclesie
1650 1143 1684 1169 et
1700 1137 1855 1169 comunis
1871 1139 1899 1169 F
1902 1137 2029 1169 errarie
2046 1147 2151 1169 vene-

302 1193 380 1218 runt
412 1188 455 1219 ad
486 1188 636 1220 Massam
660 1188 820 1220 foscalie¹
846 1188 888 1219 de
914 1194 1028 1226 nocte,
1061 1194 1095 1219 et
1127 1188 1342 1220 intraverunt
1364 1189 1422 1228 ibi,
1454 1189 1583 1221 nemini
1607 1189 1807 1229 iniurantes,
1839 1190 2074 1222 desiderantes
2106 1191 2151 1222 ad

304 1249 422 1271 eorum
446 1240 668 1272 intenctionis
691 1240 855 1272 effectum
879 1240 1076 1282 pervenire:
1102 1247 1135 1272 et
1158 1241 1386 1273 incontinenti
1411 1242 1613 1283 inceperunt
1636 1243 1758 1274 foveas
1782 1254 1934 1286 magnas,
1965 1248 2002 1274 ut
2033 1248 2150 1274 tenere

303 1299 441 1334 possent
465 1293 593 1325 dictam
624 1299 763 1330 terram,
796 1299 829 1325 et
861 1303 1002 1336 gueram
1024 1293 1206 1325 maximam
1237 1300 1357 1325 contra
1390 1294 1563 1326 Ferariam
1588 1295 1742 1337 incipere
1772 1301 1805 1327 et
1829 1295 2031 1327 substinere.
2078 1295 2150 1326 Do-

303 1346 412 1378 minus
434 1346 646 1384 Dalmaxius,
671 1347 729 1389 qui
754 1346 790 1377 in
814 1346 907 1378 dicta
932 1346 1070 1378 civitate
1096 1352 1170 1378 erat
1193 1346 1343 1379 vicarius
1367 1347 1551 1379 cardinalis
1568 1348 1610 1379 de
1628 1347 1810 1391 Pelagrua‚
1828 1349 1940 1381 sonari
1957 1349 2043 1380 fecit
2060 1358 2152 1380 cam-

302 1411 427 1441 panam
450 1400 569 1441 populi
594 1401 621 1432 F
624 1399 836 1438 errariensis‚
860 1405 898 1431 ut
921 1399 1161 1432 Ferrarienses
1184 1400 1229 1431 ad
1246 1411 1338 1431 arma
1354 1407 1631 1442 prepararentur,
1651 1401 1711 1443 qui
1730 1412 1772 1433 ex
1788 1402 1962 1443 preceptis
1986 1401 2072 1433 dicti
2090 1401 2152 1433 do-

303 1453 384 1484 mini
402 1453 586 1490 Dalmaxii‚
603 1463 669 1484 nec
685 1458 823 1494 propter
841 1463 961 1484 sonum
979 1462 1146 1494 campane
1162 1463 1197 1484 se
1215 1463 1284 1484 non
1302 1459 1492 1485 moverunt.
1533 1454 1699 1485 Dominus
1715 1455 1916 1486 Dalmaxius
1932 1454 2152 1496 perpendens

302 1506 345 1537 de
370 1506 448 1543 hoc,
473 1506 696 1549 congregavit
719 1506 900 1538 consilium
924 1517 1030 1543 suum,
1055 1511 1092 1537 ut
1114 1506 1349 1547 providerent,
1374 1506 1457 1549 quid
1481 1512 1567 1538 esset
1583 1507 1793 1546 faciendum,
1812 1508 1869 1550 qui
1888 1518 2005 1539 omnes
2028 1517 2151 1539 consu-

300 1559 423 1597 lerunt,
448 1560 540 1602 quod
564 1560 721 1591 micteret
745 1565 778 1590 et
801 1559 994 1602 requireret
1018 1559 1195 1590 dominum
1219 1559 1454 1597 Franciscum,
1480 1566 1514 1592 et
1537 1560 1647 1601 ipsum
1663 1567 1812 1603 rogaret,
1830 1562 1923 1603 quod
1946 1561 2013 1593 iret
2030 1565 2149 1592 contra

302 1612 457 1644 inimicos
481 1613 648 1650 Ecclesie,
674 1617 707 1644 et
731 1612 780 1643 sic
804 1612 897 1644 fecit.
945 1611 1048 1644 Unde
1075 1613 1233 1644 dominus
1257 1613 1462 1644 Franciscus
1485 1613 1656 1645 accedens
1679 1614 1828 1655 plateam
1851 1614 1901 1646 sic
1932 1615 2068 1647 locutus
2099 1619 2150 1645 est

302 1676 419 1697 coram
444 1665 585 1707 populo,
610 1665 745 1698 dicens:
772 1665 917 1697 Fratres
940 1666 1117 1707 carissimi,
1143 1676 1211 1707 ego
1234 1667 1402 1708 proposui
1422 1666 1475 1697 ire
1498 1671 1614 1698 contra
1637 1667 1789 1698 inimicos
1813 1668 1860 1699 ad
1881 1666 2090 1708 iilz‘lz'at·cnz²;
2120 1667 2152 1697 si

302 1720 376 1760 quis
399 1719 522 1761 diligit
544 1730 605 1760 mc,
629 1723 788 1761 sequatur
812 1729 872 1750 me.
919 1719 1020 1750 Tunc
1046 1728 1164 1750 omnes
1187 1719 1426 1750 Ferrarienses
1449 1720 1560 1751 secuti
1577 1725 1655 1751 sunt
1673 1731 1749 1751 eum
1767 1726 1944 1762 equestres
1961 1726 1994 1752 et
2016 1720 2150 1762 pedites

306 1783 383 1804 curn
408 1772 546 1809 navilio‚
571 1778 606 1804 et
630 1772 763 1804 iverunt
787 1772 985 1809 Miliarium,
1011 1772 1068 1804 ubi
1093 1782 1212 1804 omnes
1235 1779 1508 1814 preparaverunt
1532 1783 1568 1805 se
1586 1773 1631 1805 ad
1654 1773 1800 1815 prelium
1833 1779 1952 1805 contra
1984 1773 2148 1804 inimicos.

299 1824 377 1856 Alio
403 1835 502 1857 mane
525 1825 561 1856 in
586 1825 725 1857 nomine
751 1825 880 1857 domini
904 1830 1119 1856 recesserunt
1143 1825 1186 1856 de
1211 1825 1307 1857 dicto
1324 1825 1415 1863 loco,
1431 1831 1464 1857 et
1482 1826 1617 1857 iverunt
1633 1825 1773 1858 Maxam
1791 1837 1868 1858 cum
1884 1832 1956 1858 toto
1982 1825 2148 1858 exercitu.

299 1879 418 1909 Dictus
443 1878 665 1920 Salinguerra
682 1885 715 1910 et
732 1878 799 1916 alii,
818 1878 995 1910 audientes
1020 1878 1209 1909 adventum
1233 1878 1365 1910 domini
1390 1877 1615 1917 Marchionis‚
1640 1879 1759 1922 fugam
1784 1879 2009 1921 adripuerunt
2032 1888 2150 1911 versus

301 1931 489 1963 marinam':
509 1931 670 1963 ⁴marchio
694 1932 721 1962 F
724 1931 900 1963 ranciscus
923 1941 1002 1962 cum
1025 1931 1095 1963 suis
1119 1931 1350 1973 sequebantur
1373 1941 1442 1969 eOS‚
1467 1931 1651 1973 capiebant
1673 1938 1708 1964 et
1725 1932 1933 1964 occidebant
1949 1942 2019 1969 eOS,
2037 1937 2070 1963 et
2094 1931 2149 1962 fu-

300 1988 468 2023 gaverunt
492 1992 550 2014 eos
574 1992 680 2024 usque
705 1982 924 2018 Comaclum;
949 1982 984 2012 in
1008 1992 1075 2024 quo
1093 1981 1170 2013 loco
1196 1981 1418 2025 Salinguerra
1431 1982 1581 2014 habebat
1604 1993 1681 2014 suas
1698 1993 1814 2021 naves,
1831 1983 1866 2014 in
1883 1983 2005 2025 quibus
2021 1982 2149 2024 refugit

299 2043 376 2064 cum
400 2033 519 2074 paucis
542 2033 625 2069 suis;
651 2038 686 2064 et
710 2032 805 2064 multi
830 2031 874 2064 de
897 2033 967 2064 suis
992 2032 1115 2064 mortui
1139 2038 1173 2064 et
1197 2033 1289 2074 capti
1312 2033 1464 2065 fuerunt.
1513 2032 1633 2070 Quare
1649 2034 1826 2075 predictus
1842 2033 1999 2065 Marchio
2020 2032 2148 2065 redivit

300 2084 491 2115 Ferrariam
516 2094 595 2115 cum
618 2084 686 2115 suis
702 2094 780 2115 cum
797 2083 941 2115 victoria
959 2083 1081 2120 inlexi3
1099 2090 1133 2115 et
1150 2084 1193 2115 de
1209 2083 1379 2125 predictis
1397 2084 1516 2126 captis,
1534 2084 1658 2116 mortui
1675 2084 1825 2122 fuerunt,
1842 2084 1975 2115 scilicet
1991 2083 2146 2125 suspensi

299 2135 343 2166 ad
366 2134 493 2173 furcas,
518 2135 749 2166 Bonmatheus
773 2133 817 2166 de
842 2133 1058 2172 Curionibus,
1084 2134 1286 2166 Camarinus
1310 2133 1367 2165 del
1399 2134 1498 2176 stipa
1530 2141 1564 2167 et
1595 2134 1692 2166 multi
1720 2134 1787 2166 alii.
1834 2134 1979 2166 Iohanni
2004 2134 2047 2166 de
2079 2133 2147 2165 Mi-

298 2185 384 2217 xotis
408 2191 618 2227 amputatum
644 2186 768 2227 capud.

388 2236 520 2268 Eodem
545 2236 736 2268 millesimo.
777 2235 974 2268 Concordia
991 2237 1085 2268 facta
1103 2242 1154 2268 est
1171 2236 1259 2268 inter
1276 2236 1450 2268 dominum
1473 2235 1656 2269 Albertum
1681 2237 1849 2274 Scottum,
1867 2236 1926 2278 qui
1944 2235 2147 2268 dominaba-

298 2293 354 2318 tur
379 2287 508 2318 civitati
532 2286 708 2318 Placentie
738 2292 771 2318 et
802 2286 962 2328 bapnitos
987 2286 1080 2318 dicte
1106 2287 1254 2318 civitatis
1278 2288 1344 2318 isto
1368 2287 1488 2319 modo:
1515 2288 1610 2329 quod
1634 2287 1766 2328 bapniti
1791 2296 1909 2318 omnes
1933 2286 2060 2318 reverti
2083 2285 2144 2318 de-

299 2337 418 2369 berent
440 2338 477 2369 in
501 2337 639 2369 civitate
663 2337 852 2370 Placentie.
900 2337 1069 2369 Dominus
1092 2336 1255 2369 Albertus
1279 2338 1404 2370 Scotus
1429 2338 1579 2370 debebat
1601 2338 1800 2369 renuntiare
1817 2337 2044 2370 dominationi
2061 2337 2146 2369 civi-

296 2389 391 2425 tatis;
417 2395 451 2420 et
474 2389 522 2420 sic
547 2388 718 2420 fecerunt.
763 2388 866 2419 Tunc
891 2388 1062 2431 eligerunt
1086 2389 1129 2420 de
1154 2387 1343 2419 concordia
1368 2389 1455 2420 duos
1470 2394 1660 2430 potestates
1677 2388 1713 2419 in
1730 2388 1823 2420 dicta
1841 2388 1993 2427 civitate,
2011 2387 2146 2419 scilicet

297 2438 470 2470 dominum
483 2462 581 2470 .....
596 2463 604 2476 ,
628 2444 663 2470 et
687 2438 862 2470 dominum
886 2438 929 2470 de
954 2439 1147 2481 Fyssyraca
1171 2439 1214 2470 de
1237 2439 1360 2471 Laudo
1375 2439 1402 2475 ³3
1429 2445 1462 2472 et
1487 2439 1586 2471 ambo
1604 2444 1794 2480 potestates
1810 2444 1981 2470 venerunt
1996 2437 2143 2470 Placen-

296 2491 388 2527 tiam,
413 2495 448 2521 et
470 2495 680 2531 acceperunt
702 2489 876 2521 fortilitias
901 2489 1062 2527 civitatis,
1087 2495 1119 2521 et
1143 2496 1266 2527 castra,
1291 2497 1325 2522 et
1349 2500 1468 2521 omnes
1491 2489 1625 2531 bapniti
1642 2489 1821 2521 redierunt
1836 2489 1871 2519 in
1895 2488 2079 2520 civitatem.

389 2601 427 2626 17.
448 2597 558 2620 rebellis
577 2596 600 2619 Α
622 2610 654 2614 —
675 2603 716 2621 20.
737 2596 906 2628 Ferrariam]
922 2597 1115 2620 Ferrarienses
1129 2597 1206 2621 Mun.
1227 2610 1259 2614 —
1273 2604 1315 2621 21.
1335 2597 1415 2629 fecit]
1430 2597 1555 2621 fecerunt
1568 2597 1592 2620 A
1613 2610 1645 2614 —
1662 2603 1702 2620 22.
1717 2595 1944 2628 prepararentur]
1959 2597 2144 2629 properarent

296 2638 371 2661 Mun.
392 2652 424 2655 —
445 2644 486 2669 27.
507 2637 658 2670 Miliarem]
678 2639 831 2662 Miiiarium
851 2638 927 2662 Mna.
949 2651 980 2655 —
1001 2645 1042 2670 31.
1063 2638 1176 2670 Dictus]
1202 2639 1342 2663 Dominus
1362 2639 1400 2668 B3
1424 2638 1541 2663 Domini
1555 2639 1632 2663 MUR.
1649 2651 1681 2655 —
1695 2644 1737 2669 33.
1757 2645 1804 2662 eos
1824 2637 1920 2670 usque]
1939 2645 2036 2662 omnes
2059 2645 2143 2670 usque

296 2680 320 2702 B
340 2680 418 2704 Mun.
438 2694 470 2697 —-
490 2680 531 2711 36.
546 2682 636 2711 prima
652 2681 822 2712 Johannino,
838 2681 885 2711 pol
902 2679 1041 2703 cancellato
1060 2687 1097 2703 no
1117 2681 1146 2719 ι’,ιι
1165 2682 1188 2704 Α
1211 2694 1242 2697 -
1262 2686 1304 2712 37.
1321 2682 1412 2711 prima
1440 2681 1469 2703 dt·
1487 2680 1576 2711 capud
1596 2680 1674 2704 Mna.
1695 2686 1752 2711 agg.
1774 2681 1815 2704 est
1836 2692 1868 2696 —
1889 2686 1928 2711 40.
1945 2679 2142 2704 renuntiariA

299 2735 327 2738 —
348 2728 391 2753 42.
407 2723 497 2752 prima
516 2723 545 2744 di
563 2723 592 2746 et
610 2722 756 2746 dominum
771 2722 864 2745 lacuna
879 2724 907 2744 in
920 2722 943 2744 Α
955 2722 981 2744 B
994 2722 1072 2746 Mun.
1092 2735 1102 2739 -
1122 2722 1292 2746 Fissiracum
1311 2723 1334 2745 Α
1346 2733 1356 2749 ,-
1372 2722 1512 2746 Fissiraca
1527 2722 1604 2746 MUR.

388 2790 394 2806 ¹
411 2792 628 2824 Massafiscaglia
643 2792 712 2816 nella
727 2792 876 2823 provincia
892 2791 918 2815 di
939 2792 1056 2816 Fcrrara
1070 2799 1085 2816 a
1101 2797 1134 2816 20
1148 2792 1194 2815 kil.
1338 2790 1348 2807 ³
1368 2792 1493 2816 Arnolfo
1511 2792 1543 2816 de
1564 2792 1706 2825 Fissirago
1727 2791 1761 2816 da
1780 2791 1854 2816 Lodi
1868 2791 1900 2816 ed
1914 2792 1934 2816 il
1948 2791 2063 2816 fratello
2077 2791 2144 2816 Bas-

299 2834 373 2858 N-O.
393 2834 426 2858 da
447 2833 624 2858 Comacchio.
1250 2841 1335 2865 san03
1356 2833 1476 2858 secondo
1501 2835 1574 2858 altra
1599 2841 1717 2858 cronaca
1742 2834 1840 2858 invece
1866 2840 1921 2857 uno
1948 2833 1977 2857 fu
1998 2831 2113 2865 podest&
2131 2840 2145 2856 e

387 2874 397 2890 ἵ
418 2875 549 2907 Migliaro
570 2876 640 2899 nella
667 2876 813 2908 provincia
839 2875 868 2899 di
894 2876 1009 2899 Ferrara
1030 2875 1075 2899 nel
1100 2875 1140 2899 Po
1167 2875 1194 2899 di
1249 2875 1341 2900 l‘aitro
1361 2876 1492 2908 capitano
1513 2875 1584 2900 della
1602 2873 1671 2899 cittii
1690 2875 1718 2899 di
1743 2876 1888 2899 Piacenza.
1924 2874 1969 2900 Cf.
1989 2875 2145 2904 Posomm,

299 2916 407 2940 Volano
428 2923 444 2940 a
464 2923 498 2940 20
516 2917 564 2940 kil.
585 2917 658 2942 N-O.
678 2917 714 2941 da
727 2916 908 2941 Comacchio.
1247 2918 1326 2942 illem.
1346 2918 1413 2941 διον,
1435 2918 1465 2940 11¹1·
1483 2918 1621 2945 Pz'acenza,
1644 2919 1722 2941 tomo
1743 2917 1791 2947 VI,
1810 2924 1838 2948 p.
1858 2917 1900 2949 83.

2179 770 2215 800 10

2178 1031 2214 1062 13

2173 1296 2214 1326 20

2174 1559 2213 1590 25

2171 2083 2210 2114 35

2170 2338 2211 2368 40

2176 2841 2207 2858 10
