2307 3592
45 941 81 971 10

39 1565 79 1595 20

37 1828 76 1858 25

43 2564 72 2581 10

42 2773 70 2798 15

40 2983 73 3001 20

109 235 192 269 [AA.
213 236 407 269 1293-1295]

739 230 1051 265 CHRONICON
1079 230 1247 265 ESTEN
1250 230 1309 265 SE
1893 230 1912 265 5
1924 231 1933 264 l

105 360 283 403 generalis,
307 360 433 391 clauxit
457 360 492 391 in
518 360 678 392 extremis
702 361 736 391 in
769 359 907 392 civitate
940 360 1108 398 Ferrarie,
1140 366 1188 404 et>
1206 360 1377 401 sepultum
1409 361 1475 392 fuit
1500 370 1624 402 corpus
1655 360 1727 392 eius
1754 361 1799 392 ad
1830 361 1943 392 locum

106 414 251 445 fratrum
274 412 448 444 Minorum
470 413 505 444 in
530 413 688 445 Ferraria
720 412 907 444 honorifice
941 418 1005 444 etc.
1052 413 1096 444 Et
1119 412 1152 443 in
1185 412 1241 444 illo
1275 413 1332 445 die
1360 412 1488 445 sabati¹
1521 424 1564 445 ex
1594 413 1792 455 volunptate
1824 414 1943 455 populi

106 467 134 498 F
137 465 262 498 errarie
285 475 326 496 ac
351 465 452 497 etiam
469 476 510 496 ex
526 466 724 507 volunptate
749 464 1003 497 Aldrovandini
1028 472 1061 497 et
1085 467 1112 498 F
1115 465 1261 497 rancisci
1286 466 1429 497 fratrum
1455 466 1597 497 filiorum
1623 466 1795 507 quondam
1819 466 1944 508 prefati

106 518 234 551 domini
258 517 479 556 Marchionis‚
503 523 569 550 etc.
594 519 705 550 factus
722 524 755 550 et
780 518 893 549 firmus
916 518 981 550 fuit
998 518 1154 550 dominus
1177 518 1204 549 F
1207 518 1334 550 errarie
1359 524 1437 556 etc„
1462 519 1616 551 dominus
1634 517 1709 561 Aeo
1734 519 1885 550 marchio
1911 525 1944 550 et

105 572 213 603 frater
242 571 473 612 predictorum
504 570 758 603 Aldrovandini
792 576 825 602 et
856 571 1034 602 Francisci
1068 576 1145 608 etc„
1179 577 1349 612 tamquam
1380 571 1631 613 primogenitus
1662 571 1789 612 prefati
1817 571 1944 603 domini

105 623 235 656 domini
257 624 462 656 marchionis
486 623 652 666 Obiconis
676 629 709 655 et
733 623 871 655 illustris
896 623 1052 656 dominus
1076 624 1191 654 firmus
1215 629 1265 655 est
1289 624 1456 662 Ferrarie,
1480 623 1626 662 Mutine,
1643 624 1749 666 Regii
1766 630 1831 656 etc.

845 747 1200 789 MCCLXXXXIIIJ.

192 834 229 864 In
256 833 525 875 quadragesima.
562 833 694 865 Guerra
718 833 863 864 maxima
886 833 980 864 facta
1004 838 1054 864 est
1078 832 1165 864 inter
1189 833 1365 864 dominum
1389 833 1624 864 marchionem
1641 832 1815 876 Acconem
1835 840 1946 865 esten-

105 898 174 918 sem
198 893 232 918 et
255 896 400 918 comune
423 886 559 924 Padue,
584 886 664 927 quia
687 885 971 918 Aldrovandinus
995 885 1210 927 supradictus
1235 885 1406 927 separavit
1430 896 1465 916 se
1489 897 1509 917 a
1532 886 1639 917 fratre
1663 897 1723 918 suo
1748 887 1943 918 marchione

105 938 247 982 Accone
269 939 435 980 predicto,
453 944 486 970 et
503 938 563 970 ivit
579 938 743 970 Paduam.
792 937 1015 979 Quapropter
1030 947 1155 980 guerra
1179 938 1318 979 incepta
1343 944 1408 973 θεῖς
1435 943 1468 969 et
1491 938 1649 970 dominus
1673 939 1826 970 marchio
1851 939 1946 982 Acco

104 992 248 1024 admixit
272 992 407 1029 Corum,
425 991 612 1023 Calaonem
637 997 670 1022 et
693 991 850 1023 Roccam
883 996 1060 1028 estensem,
1091 996 1124 1022 et
1148 991 1315 1032 derupata
1338 996 1415 1022 sunt
1438 1001 1457 1021 a
1488 991 1669 1023 Paduanis.
1716 993 1816 1023 Tunc
1848 999 1946 1024 natus

105 1051 154 1077 est
177 1045 337 1086 predicto
362 1043 623 1076 Aldrovandino
647 1045 786 1086 quidam
811 1044 897 1075 filius
923 1044 1104 1080 masculus,
1129 1049 1164 1075 et
1187 1049 1344 1075 vocatum
1369 1048 1418 1074 est
1442 1053 1565 1075 nomen
1590 1044 1659 1075 eius
1683 1043 1807 1086 Obico‚
1823 1046 1944 1077 eodem

105 1097 282 1129 millesimo
308 1097 363 1130 die
388 1107 471 1128 X1111
493 1097 576 1139 julii.
620 1097 686 1128 Iste
711 1097 865 1128 marchio
889 1095 998 1138 Obico
1022 1096 1087 1127 fuit
1111 1102 1208 1138 pater
1232 1095 1371 1128 Nicolai
1396 1102 1429 1127 et
1452 1095 1587 1128 Alberti
1610 1097 1856 1128 marchionum.

855 1218 1164 1251 MCCLXXXXV
1177 1218 1198 1250 ².

190 1300 254 1331 Die
278 1300 387 1342 primo
412 1300 605 1332 novembris
629 1300 665 1330 in
690 1300 780 1331 festo
805 1299 953 1330 omnium
979 1298 1195 1330 Sanctorum.
1219 1298 1379 1330 Prefatus
1397 1299 1554 1330 dominus
1570 1298 1666 1341 Acco
1690 1300 1843 1332 marchio
1868 1307 1944 1338 etc„

103 1354 214 1384 factus
238 1353 304 1384 fuit
327 1353 429 1384 milex
452 1364 515 1394 per
539 1352 714 1384 dominum
739 1351 947 1384 Ghirardum
972 1351 1015 1382 de
1047 1351 1206 1389 Camino,
1231 1351 1289 1393 qui
1313 1357 1393 1383 tunc
1423 1357 1496 1383 erat
1520 1352 1680 1383 dominus
1702 1352 1847 1384 civitatis
1869 1354 1948 1384 Tri-

104 1405 196 1449 vixij,
220 1416 322 1447 super
344 1405 492 1447 plateam
517 1405 669 1437 comunis
693 1405 850 1436 Ferrarie
867 1410 945 1435 ante
962 1409 1096 1445 portam
1121 1404 1349 1445 episcopatus.
1396 1404 1441 1436 Et
1457 1405 1580 1436 eodem
1598 1405 1655 1437 die
1671 1410 1706 1436 et
1722 1405 1818 1443 hora,
1836 1406 1949 1438 dictus

104 1459 261 1490 dominus
292 1459 444 1490 marchio
475 1457 571 1501 Acco
602 1458 689 1490 fecit
719 1468 770 1489 LII
802 1457 928 1489 milites
959 1457 1027 1489 suis
1058 1456 1224 1496 manibus,
1255 1457 1389 1489 scilicet
1420 1457 1595 1489 dominum
1626 1458 1846 1490 Franciscum
1879 1459 1949 1490 eius

103 1512 254 1550 fratrem,
272 1517 305 1543 et
320 1511 406 1543 alios
429 1511 646 1543 Ferarienses
673 1517 707 1542 et
729 1509 950 1547 Mutinenses‚
975 1509 1220 1548 Bononienses,
1245 1511 1273 1542 F
1277 1509 1472 1548 lorentinos,
1497 1510 1691 1548 Paduanos,
1716 1510 1947 1549 Lombardos;

104 1570 137 1596 et
159 1574 283 1607 magna
306 1563 412 1596 'curia
436 1570 518 1596 tunc
541 1564 607 1596 fuit
631 1564 665 1595 in
682 1563 852 1596 Ferraria.

192 1616 235 1648 Et
258 1617 292 1647 in
317 1618 439 1649 eodem
465 1627 554 1648 anno
578 1616 644 1648 fuit
667 1622 701 1648 et
725 1615 833 1648 crevit
856 1615 973 1648 Padus
996 1615 1053 1653 ita,
1079 1615 1173 1657 quod
1189 1626 1253 1656 pro
1271 1615 1390 1647 maiori
1414 1621 1512 1658 parte
1536 1616 1695 1648 Ferraria
1718 1622 1752 1648 et
1775 1616 1948 1649 districtus

104 1674 138 1700 et
161 1669 228 1701 alie
252 1670 417 1708 civitates,
442 1681 507 1712 que
532 1680 633 1711 super
656 1670 782 1701 fiumen
798 1668 885 1700 Padi
909 1674 1017 1706 erant,
1042 1668 1242 1700 mirabiliter
1265 1669 1428 1700 inundate
1454 1675 1540 1700 sunt.

190 1722 321 1754 Eodem
345 1723 536 1761 millesimo,
555 1724 599 1754 de
623 1723 717 1755 dicto
742 1733 859 1753 mense
875 1720 895 1753 ³.
943 1721 1083 1753 Electus
1106 1728 1157 1754 est
1176 1721 1210 1752 in
1228 1732 1392 1753 summum
1410 1721 1614 1753 Pontificem
1630 1732 1721 1764 papa
1737 1722 1946 1760 Bonefatius,

103 1775 161 1816 qui
186 1775 278 1816 prius
301 1775 488 1807 vocabatur
511 1775 656 1807 Iacobus
681 1775 857 1818 Gaytanus
881 1774 924 1805 de
953 1773 1112 1817 Allagna.

189 1828 320 1860 Eodem
344 1828 534 1867 millesimo,
559 1829 601 1859 de
625 1838 741 1860 mense
765 1828 910 1871 augusti.
956 1827 1161 1859 Brissienses
1184 1827 1290 1868 partis
1314 1827 1463 1859 Guelf&¹
1488 1827 1649 1859 confinati
1680 1833 1766 1859 sunt.

190 1882 322 1913 Eodem
346 1881 523 1914 millesimo
548 1887 581 1914 et
604 1891 729 1913 mense.
776 1881 942 1912 Dominus
966 1881 1146 1922 episcopus
1164 1881 1207 1912 de
1226 1880 1353 1913 Sancto
1378 1880 1508 1912 Vitali⁵
1533 1881 1575 1912 de
1602 1880 1726 1912 Parma
1751 1892 1827 1913 cum
1852 1887 1948 1922 parte

102 1946 161 1966 sua
183 1934 313 1977 expulsi
337 1935 476 1966 fuerunt
500 1935 542 1966 de
566 1935 703 1966 civitate
733 1934 869 1972 Parme,
896 1939 929 1965 et
955 1939 1123 1966 venerunt
1146 1939 1228 1966 tunc
1261 1935 1374 1966 de....
1401 1944 1443 1966 cc
1467 1934 1605 1972 milites,
1630 1940 1664 1966 et
1694 1934 1791 1966 multi
1814 1934 1948 1976 pedites

103 1987 147 2018 ad
171 1988 359 2020 custodiam
384 1988 474 2020 dicte
491 1987 638 2020 civitatis
652 1987 671 2019 ⁶.

192 2139 214 2156 1.
233 2132 264 2155 in
283 2130 426 2162 extremis]
447 2131 520 2156 diem
540 2133 691 2155 extremum
711 2132 787 2156 Mun.
809 2145 841 2149 —-
862 2139 886 2163 3.
900 2130 1076 2155 ferrariensis
1096 2132 1173 2155 Mun.
1197 2143 1207 2148 —
1227 2138 1260 2155 ac
1281 2130 1377 2161 etiam]
1397 2132 1424 2154 et
1438 2131 1531 2160 MUR.;
1550 2138 1582 2154 ac
1599 2131 1627 2154 et
1646 2131 1671 2153 B
1684 2144 1715 2148 —-
1730 2138 1755 2162 4.
1774 2129 1881 2161 firmus]
1901 2130 1946 2152 fir-

103 2174 191 2197 matus
211 2174 287 2198 Mun.
308 2186 319 2191 -
339 2175 367 2198 et
385 2181 433 2197 om.
455 2174 534 2198 Mun.
555 2187 587 2190 —
609 2173 662 2204 5-6.
685 2174 795 2197 domini
815 2173 936 2205 domini]
957 2174 1066 2197 domini
1086 2173 1164 2197 Mna.
1190 2185 1223 2189 —
1249 2172 1274 2196 6.
1293 2174 1320 2197 et
1345 2172 1524 2196 illustr1s....
1549 2172 1631 2205 Regii
1657 2173 1709 2197 etc.
1734 2180 1781 2195 0111.
1809 2172 1885 2196 MUR.
1913 2185 1945 2188 —

101 2222 126 2246 9.
146 2215 207 2246 dopo
226 2215 402 2248 supradictus
426 2223 483 2239 sono
502 2217 530 2238 1¹12
555 2217 578 2239 A
604 2216 742 2239 cancellata
768 2215 789 2238 le
811 2215 901 2245 parole
922 2215 1012 2239 frater
1038 2215 1098 2239 eius
1125 2228 1158 2232 —
1188 2221 1227 2239 10.
1254 2214 1347 2238 Padue
1367 2215 1391 2237 Α
1418 2227 1449 2231 —
1478 2221 1519 2238 11.
1540 2213 1666 2245 Cerrum]
1694 2214 1757 2239 Cer.
1784 2214 1824 2240 A,·
1843 2215 1944 2237 terram

104 2256 179 2280 Mun.
201 2270 233 2273 —
256 2263 295 2282 12.
315 2259 428 2281 vocatus
446 2258 469 2280 A
491 2271 521 2274 —
545 2264 584 2288 13.
611 2257 664 2281 Iste
683 2265 729 2281 om.
752 2257 829 2281 MUR.
851 2269 861 2274 —
882 2257 997 2281 Iste....
1018 2256 1211 2281 marchionum
1230 2263 1288 2287 agg.
1311 2255 1353 2278 nel
1372 2257 1491 2285 margt'ne
1510 2256 1593 2279 dcstro
1618 2257 1647 2278 di
1665 2256 1688 2278 Α
1714 2256 1748 2278 da
1773 2255 1842 2278 altra
1869 2262 1943 2277 mano

101 2298 144 2321 dcl
160 2302 241 2329 tempo
261 2312 293 2316 —-
316 2306 355 2330 14.
376 2299 615 2324 MCCLXXXXV
635 2307 681 2322 om.
703 2300 780 2324 MUR.
803 2312 835 2316 —
859 2299 898 2323 18.
918 2299 1001 2322 milit.
1021 2299 1072 2325 A.,·
1092 2298 1213 2322 militum
1233 2298 1311 2322 Mun.
1331 2311 1363 2314 —
1386 2304 1426 2321 21.
1446 2297 1486 2321 ita
1511 2305 1559 2321 om.
1577 2297 1620 2323 A,-
1639 2304 1697 2329 agg.
1720 2297 1796 2322 Mun.
1819 2310 1830 2314 -
1848 2297 1945 2320 Ferra-

101 2340 142 2364 rie
160 2340 183 2363 Α

208 2353 219 2358 -
243 2342 305 2371 dopo
330 2341 475 2365 districtus
501 2341 576 2366 Mun.
597 2348 656 2373 agg.
676 2341 736 2365 eius
756 2354 789 2358 —
812 2347 853 2364 22.
873 2340 977 2364 Eodem
998 2340 1145 2363 millesimo
1166 2339 1199 2363 de
1218 2339 1298 2363 dicto
1324 2337 1428 2370 mense]
1455 2340 1496 2363 De
1522 2346 1615 2363 mense
1636 2339 1788 2363 decembris
1807 2339 1884 2363 Mun.
1912 2352 1943 2355 —

102 2380 143 2405 26.
162 2382 265 2406 Eodem
285 2382 442 2414 millesimo]
466 2382 626 2408 MCCXCV
646 2383 723 2407 MUR.
747 2396 777 2399 —
798 2387 839 2413 27.
860 2383 922 2412 dopo
942 2382 976 2406 de
991 2382 1084 2404 lamma
1098 2382 1126 2404 z'tz
1147 2381 1205 2404 AB
1224 2381 1301 2405 MUR.

187 2474 195 2491 ¹
213 2476 237 2501 11
255 2478 355 2508 giorno
378 2485 407 2509 13
428 2477 457 2501 di
476 2477 603 2502 tebbraio
623 2484 669 2501 era
689 2485 728 2501 un
743 2474 867 2501 venerdi.
898 2476 911 2499 I
929 2483 990 2499 cro-

99 2517 168 2542 nisti
187 2526 244 2542 non
263 2526 356 2543 vanno
370 2519 518 2543 d'accordo
533 2519 575 2543 nel
590 2519 682 2543 fissare
696 2519 721 2542 la
736 2519 801 2543 data
815 2518 887 2542 della
901 2518 990 2542 morte

100 2559 127 2583 di
148 2560 260 2590 Obizzo,
280 2568 324 2585 ma
343 2560 371 2585 Ia
390 2561 487 2585 lettera
507 2561 551 2585 del
574 2568 604 2585 21
627 2560 752 2585 febbraio
776 2566 853 2592 1293,
872 2567 925 2584 con
945 2561 990 2583 cui

99 2601 118 2624 il
137 2602 275 2626 marchese
294 2602 368 2626 Azzo
388 2602 485 2627 d’Este
503 2604 649 2635 partecipa
674 2602 701 2626 al
727 2609 842 2626 comune
862 2601 891 2625 di
910 2601 990 2626 Bolo-

98 2650 154 2674 gna
172 2644 221 2667 che
247 2642 350 2676 “pater
375 2645 471 2668 noster
497 2644 620 2677 prefatus
639 2644 684 2667 die
711 2643 828 2673 veneris,
853 2643 991 2674 vigesima

99 2685 256 2709 “februarii
274 2686 304 2709 in
323 2687 412 2715 nocte,
438 2687 513 2710 viam
540 2687 579 2709 est
606 2686 750 2709 universae
771 2685 864 2709 carnis
885 2686 992 2717 ingres-

99 2728 111 2741 ⁴¹
123 2734 168 2751 sus
179 2744 206 2757 η,
232 2728 330 2752 tronea
355 2729 421 2760 ogni
447 2728 559 2752 dubbio.
598 2727 642 2753 Ct'.
673 2727 892 2757 GflmARDAecr,
910 2727 990 2750 Della

99 2769 217 2793 Historia
236 2770 266 2792 dz'
282 2769 410 2800 Bologna,
430 2769 554 2801 Bologna
577 2769 656 2801 1696,
678 2770 698 2800 Ι,
718 2776 780 2802 309.

187 2809 198 2825 ²
218 2811 335 2842 Gruppo
354 2811 383 2834 di
402 2811 506 2836 notizie
530 2811 668 2836 dell'anno
691 2818 757 2843 1294
777 2818 854 2835 come
879 2811 931 2835 ben
956 2811 992 2835 ha

99 2854 173 2877 visto
193 2853 213 2877 il
231 2852 370 2876 Muratori
383 2852 431 2877 che
446 2853 481 2876 ha
493 2854 616 2877 corretto
636 2854 666 2877 in
685 2854 782 2885 questo
798 2859 882 2876 senso
896 2852 915 2876 il
931 2859 988 2876 ma-

100 2894 238 2918 noscritto
258 2893 294 2917 da
312 2894 361 2918 noi
380 2894 541 2925 rispettato.

187 2934 198 2949 ²³
217 2942 251 2966 24
269 2935 407 2959 dicembre
428 2942 504 2968 1294.

187 2975 197 2991 ¹¹
215 2977 227 3000 1
246 2977 399 3009 partigiani
419 2976 491 3001 della
509 2984 572 3002 casa
592 2978 672 3002 Della
693 2979 788 3002 Torre.

1134 2473 1144 2489 ὗ
1164 2475 1267 2500 Obizzo
1293 2482 1411 2499 vescovo
1438 2475 1468 2498 in
1499 2474 1585 2499 allora
1610 2475 1639 2498 di
1665 2475 1767 2498 Parma
1792 2481 1839 2498 era
1865 2475 1940 2498 stato

1046 2518 1131 2542 eletto
1151 2519 1329 2542 arciveseovo
1350 2516 1377 2540 di
1397 2517 1542 2546 Ravenna,
1561 2516 1632 2540 della
1651 2517 1714 2547 qual
1732 2523 1797 2540 cosa
1810 2515 1892 2548 quelli
1912 2515 1940 2539 di

1046 2566 1095 2584 sua
1114 2560 1195 2592 parte
1212 2558 1305 2583 fecero
1325 2559 1425 2590 grandi
1446 2558 1600 2590 allegrezze,
1621 2565 1664 2582 ma
1684 2558 1727 2583 nel
1747 2564 1778 2590 23
1799 2558 1828 2582 di
1841 2559 1939 2589 agosto

1045 2602 1071 2625 la
1096 2601 1207 2625 fazione
1231 2601 1391 2625 avversaria
1417 2601 1461 2624 dei
1486 2601 1521 2625 da
1547 2600 1713 2632 Correggio,
1740 2599 1896 2624 accusando
1922 2600 1940 2624 il

1045 2643 1189 2668 Sanvitale
1204 2642 1232 2667 di
1245 2644 1388 2676 cospirare
1398 2644 1497 2667 contro
1508 2643 1534 2666 la
1543 2640 1641 2666 liberta
1654 2642 1722 2666 della
1735 2642 1836 2674 patria,
1850 2649 1939 2666 mosse

1045 2692 1061 2709 a
1080 2692 1190 2709 rumore
1208 2685 1228 2708 il
1247 2685 1350 2716 popolo
1370 2686 1467 2708 contro
1491 2685 1519 2708 di
1537 2684 1577 2707 lui
1596 2691 1610 2707 e
1630 2683 1656 2708 lo
1675 2682 1769 2708 caceio
1783 2683 1818 2707 da
1832 2683 1938 2708 Parma.

1046 2727 1090 2752 Cf.
1115 2727 1259 2750 Clzrom‘con
1278 2727 1416 2750 Parmense
1442 2726 1510 2758 (RR.
1538 2726 1574 2750 II.
1601 2726 1662 2753 SS„
1687 2725 1735 2755 IX,
1754 2733 1780 2757 p.
1801 2730 1843 2756 71,
1869 2725 1938 2750 ediz-

1046 2768 1189 2801 Bonazzi).

1134 2808 1145 2825 ⁶
1165 2811 1205 2834 La
1231 2810 1338 2843 piccola
1363 2810 1461 2834 lacuna
1486 2809 1528 2833 del
1554 2811 1651 2833 nostro
1677 2810 1751 2833 testo
1780 2808 1834 2842 puo
1860 2809 1938 2833 facil-

1046 2853 1138 2876 mente
1152 2852 1295 2883 tlempirsi
1308 2859 1362 2876 con
1375 2851 1472 2875 l'aiuto
1493 2851 1534 2875 del
1557 2851 1700 2874 Chronicon
1718 2851 1859 2874 Parmense
1876 2850 1937 2881 (loc.

1044 2893 1120 2924 cit.):
1141 2894 1154 2906 “
1166 2893 1234 2917 Item
1248 2892 1346 2917 eodem
1367 2894 1492 2924 tempore
1512 2891 1649 2924 predictis
1669 2891 1700 2915 de
1714 2891 1806 2916 causis
1825 2891 1939 2915 ducenti

1046 2935 1057 2946 “
1071 2935 1175 2959 milites
1188 2935 1223 2959 ad
1237 2935 1294 2958 tres
1313 2935 1420 2967 equi'tes
1433 2935 1462 2958 et
1480 2934 1629 2966 quingenti
1643 2933 1749 2966 pedites
1763 2933 1796 2957 de
1810 2933 1938 2957 Bononia

1046 2976 1205 3002 “venerunt
1230 2977 1359 3001 Parmam
1379 2977 1409 3000 in
1429 2982 1573 3001 suem-sum
1593 2976 1718 3000 comunis
1737 2975 1835 2999 Parme
1845 2991 1868 3005 „.

1969 2647 2000 2671 25

1967 2858 2001 2883 30

2025 1576 2102 1599 Mun„
2118 1577 2157 1596 343

2021 1845 2040 1859 c.
2056 1844 2110 1862 5311
