2297 3476
146 787 164 801 c.
180 781 228 800 Sor

309 163 353 198 94
941 162 1253 198 CHRONICON
1280 162 1511 198 ESTENSE
1974 172 2024 206 [A.
2046 174 2140 206 1325]

304 297 408 328 citum
433 307 528 327 suum
553 300 631 326 ante
656 300 812 333 castrum,
835 293 893 325 ubi
917 299 1085 326 steterunt
1108 293 1262 334 pluribus
1287 294 1409 326 diebus
1433 295 1642 328 destruendo
1667 296 1757 327 bona
1781 297 1872 330 circa
1897 304 2053 332 castrum.
2100 301 2138 332 In

303 350 368 380 fine
394 348 552 380 dominus
575 346 782 384 Passerinus,
807 355 875 378 non
898 346 1016 377 valens
1040 356 1217 377 sucurrere
1242 346 1335 378 dicto
1361 353 1472 379 castro
1495 348 1717 386 Monffisvelli,
1741 350 1891 382 adcessit
1921 352 2141 392 pavillionem

303 400 430 433 domini
455 399 662 431 marchionis
685 399 729 429 ad
753 398 941 435 consilium,
966 403 1000 429 et
1024 397 1178 429 similiter
1201 399 1359 430 dominus
1382 398 1480 442 Acco
1505 410 1582 431 cum
1606 400 1720 432 multis
1745 402 1960 443 caporalibus
1984 405 2027 437 de
2044 415 2141 436 exer-

303 455 380 491 citu,
404 452 535 484 scilicet
558 451 721 483 Bertucio
747 452 788 482 de
805 451 922 482 Pulcis
939 450 981 482 de
1000 450 1187 488 Florentia,
1206 451 1467 495 Guangalando,
1484 451 1647 484 Bertucio
1666 453 1709 484 de
1727 454 1851 493 Guilia,
1869 461 1903 487 et
1918 456 2030 488 multis
2055 457 2140 496 aliis,

302 507 346 538 ad
363 506 491 538 dictum
508 505 688 536 consilium
705 505 938 535 adcesserunt.
985 504 1152 535 Dominus
1174 504 1375 536 Passarinus
1391 505 1520 546 primus
1544 516 1696 548 surgens,
1713 505 1813 539 dixit:
1837 507 1979 540 Domini
1992 511 2065 551 mei,
2084 521 2141 541 nos
2188 510 2204 542 5

303 562 458 602 exprecse
482 562 514 588 et
537 558 627 589 clare
650 557 809 597 videmus,
835 558 924 598 quod
944 567 1008 587 non
1030 560 1202 599 possumus
1224 567 1421 588 succurrere
1444 562 1552 589 castro
1577 559 1791 600 stlontisvelli,
1817 564 1850 591 et
1873 565 2049 604 antequam
2074 573 2139 605 ego

301 613 484 654 sufferrem,
509 615 557 642 tot
580 614 613 641 ct
636 610 719 641 tales
742 610 889 641 homines
913 610 1054 642 conduci
1075 610 1121 640 ad
1142 614 1292 651 mortem,
1317 611 1455 652 consulo,
1480 612 1569 653 quod
1590 612 1763 643 mictamus
1787 614 1961 655 quemdam
1988 616 2142 646 nuncium

304 666 350 696 ad
370 665 495 696 dictum
518 667 664 694 castrum
688 663 754 694 illis
777 661 1018 705 proferentem,
1043 663 1133 704 quod
1152 663 1305 705 predicti
1325 664 1366 694 de
1389 668 1498 695 castro
1522 664 1658 696 meliori
1678 666 1771 697 modo
1788 677 1887 708 quam
1901 670 2041 709 possunt
2058 671 2140 710 pro-

301 718 437 748 videant
443 729 455 758 ,·
478 717 532 748 vel
552 716 618 747 alio
640 719 750 758 pacto,
776 715 831 746 vel
843 715 990 758 ficrtive,
1015 716 1176 746 recedant
1197 716 1238 746 de
1262 720 1371 747 castro
1394 717 1558 758 predicto,
1583 721 1617 748 et
1638 718 1747 760 ij>sum
1771 718 1964 761 relinquant
1990 720 2025 751 in
2052 720 2141 752 mala

306 770 410 810 'leora,
428 774 460 800 et
475 780 532 800 nos
554 769 755 809 recedamus,
780 768 950 800 Mutinam
972 771 1169 811 pergentes.
1216 769 1317 799 Tunc
1333 768 1393 800 ille
1409 769 1545 810 sapiens
1569 774 1603 800 et
1627 771 1739 802 audax
1763 771 1921 803 dominus
1939 772 2141 815 Raynaldus
2168 775 2206 806 10

302 822 456 854 marchio
480 821 621 854 estensis
649 832 800 865 surgens,
833 822 966 853 locutus
997 827 1047 853 est
1077 821 1190 863 palam
1222 821 1382 853 consilio:
1414 821 1560 853 Domine
1590 823 1787 865 Passarine,
1818 828 1924 867 prout
1952 826 2052 867 scitis,
2086 837 2143 858 vos

301 876 433 918 petistis
456 880 525 906 tam
548 886 609 916 me,
634 886 732 917 quam
747 874 905 917 fratrem
930 885 1036 905 meum
1061 874 1221 905 auxilium
1246 875 1281 905 in
1304 874 1367 905 lzac
1390 879 1504 906 vestra
1527 876 1725 917 necessitate,
1751 887 1856 919 quare
1886 878 1956 909 sine
1983 889 2079 911 mora
2102 880 2142 910 de

303 929 497 971 volunptate
511 927 648 971 fratris
671 928 739 959 mei
758 928 820 959 leuc
836 927 967 959 adcessi
979 938 1051 959 cum
1069 927 1136 958 illis
1157 927 1318 969 gentibus
1341 929 1538 970 armigeris,
1564 940 1645 970 quas
1667 930 1767 971 potui
1772 942 1783 971 ,·
1807 935 1838 961 et
1860 931 1895 962 in
1912 931 2055 962 adventu
2071 943 2142 963 meo

300 982 442 1014 fllantue
465 981 554 1012 lauti
574 981 708 1012 honoris
730 981 860 1023 placuit
882 981 973 1012 vobis
995 983 1138 1022 persone
1161 991 1230 1011 mee
1253 980 1395 1023 inferre,
1428 981 1517 1023 quod
1546 982 1740 1013 banderiam
1763 984 1965 1015 sanctissimi
1993 984 2144 1028 Imperii

301 1035 491 1066 tradidistis
521 1034 615 1073 milti,
639 1038 671 1064 et
693 1033 750 1064 sub
773 1044 847 1064 mea
870 1034 1038 1072 custodia,·
1061 1044 1176 1075 meque
1200 1033 1351 1075 elegistis
1374 1035 1586 1076 capitaneum
1609 1035 1806 1076 generalem
1838 1037 1937 1067 totius
1968 1038 2141 1069 exercitus.
2169 1037 2204 1069 15

300 1088 403 1120 qunc
427 1087 549 1128 dicitis,
574 1086 657 1118 velle
680 1087 810 1117 reverti
831 1086 1020 1117 Mutinam!
1065 1085 1186 1126 :Quare
1218 1087 1263 1117 ad
1283 1087 1343 1117 lzoc
1369 1087 1485 1118 taliter
1516 1088 1708 1130 respondeo,
1741 1089 1831 1130 quod
1859 1100 1969 1121 omnes
1999 1090 2143 1122 volentes

300 1141 458 1172 recedere
481 1139 628 1171 exercitu
651 1143 771 1179 nostro,
796 1140 964 1170 recedant.
1011 1137 1053 1169 Si
1075 1143 1203 1170 tantum
1227 1139 1313 1170 solus
1335 1139 1388 1170 hic
1412 1140 1551 1170 existere
1575 1140 1725 1171 deberem
1757 1152 1829 1173 cum
1854 1143 1934 1173 meis
1957 1142 2142 1175 Ferarien-

299 1194 396 1235 sibus,
422 1204 489 1235 ego
514 1203 692 1235 numquam
716 1192 878 1232 recedam,
903 1193 971 1223 nisi
987 1193 1089 1235 prius
1112 1193 1227 1224 videro
1250 1192 1471 1224 Bononienses
1493 1197 1526 1224 et
1541 1198 1686 1235 tangere
1701 1205 1749 1235 ea,
1767 1205 1829 1237 que
1848 1198 1994 1237 possunt.
2041 1196 2141 1228 Tunc

301 1246 498 1278 immediate
522 1245 667 1277 surrexit
691 1245 788 1287 Acco
805 1245 1020 1282 Vicecomes,
1045 1246 1110 1277 hec
1132 1245 1238 1277 verba
1261 1245 1457 1287 proferens:
1485 1245 1742 1288 Consanguinei
1762 1248 1937 1289 carissimi,
1962 1259 2026 1291 ego
2050 1260 2144 1280 uum-

300 1311 398 1342 quam
415 1299 643 1341 derelinquam
661 1309 727 1338 vos,
734 1309 846 1340 ymmo
863 1298 1027 1329 vobiscum
1045 1297 1317 1341 moramfaciam
1334 1309 1434 1340 usque
1447 1299 1493 1329 ad
1506 1304 1656 1331 mortem.
1703 1300 1821 1332 Verba
1837 1311 1981 1343 quorum
1999 1301 2144 1334 audiens
2167 1303 2208 1333 20

303 1352 461 1384 dominus
485 1351 696 1390 Passarinus,
721 1360 863 1393 surgens
887 1350 947 1382 ait:
965 1351 1108 1382 Domini
1129 1351 1202 1393 mei,
1220 1354 1398 1394 postquam
1415 1352 1462 1383 sic
1477 1352 1568 1382 vobis
1589 1353 1724 1384 videtur
1730 1351 1863 1395 facere,
1880 1364 1952 1385 sum
1969 1359 2144 1395 contentus,

301 1410 334 1437 et
345 1407 471 1448 firmus
494 1406 529 1436 in
552 1406 623 1436 vita
646 1409 678 1435 et
700 1408 807 1435 morte
830 1404 993 1436 vobiscum
1018 1406 1174 1447 consequi
1194 1405 1422 1447 volunptatem
1446 1409 1611 1437 vestram:
1636 1406 1685 1437 ita
1708 1407 1797 1448 quod
1826 1407 1965 1438 admodo
1995 1408 2062 1439 iter
2089 1419 2144 1438 no—

298 1464 469 1501 strumque
492 1458 635 1490 omnium
659 1461 846 1488 nostrorum
871 1457 1034 1498 ordinate,
1057 1458 1143 1488 sicut
1165 1457 1255 1488 vobis
1277 1458 1418 1489 videtur.
1465 1458 1632 1490 Dominus
1655 1459 1859 1502 Raynaldus
1883 1460 2037 1492 marchio
2064 1470 2141 1502 pre-

300 1512 411 1544 dictus
435 1511 616 1549 ordinavit,
642 1510 734 1553 quod
758 1519 876 1541 omnes
900 1520 1019 1542 currus
1044 1521 1120 1542 cum
1146 1510 1302 1548 arnexiis,
1336 1511 1488 1552 exceptis
1512 1511 1625 1549 armis,
1650 1511 1812 1544 conducti
1844 1519 1956 1545 essent
1985 1513 2140 1545 Castrum

298 1571 448 1596 veterem
463 1565 491 1601 ¹3
516 1563 639 1595 milites
662 1573 745 1594 vero
769 1573 846 1594 cum
870 1562 1044 1604 peditibus
1068 1564 1179 1595 noctis
1196 1569 1349 1605 tempore
1367 1564 1550 1595 transirent
1576 1565 1700 1595 flumen
1734 1564 1959 1602 Scoltenne'23
1993 1571 2141 1598 castrum
2165 1564 2205 1597 25

299 1623 412 1650 autem
436 1617 565 1648 Montis
588 1616 713 1647 veteris
726 1614 736 1631 ³
760 1615 885 1646 muniri
909 1615 953 1646 ad
978 1615 1215 1653 suffitientiam,
1239 1621 1359 1657 postea
1383 1616 1494 1647 redire
1514 1616 1557 1648 ad
1574 1616 1711 1648 foveam
1727 1618 1853 1649 Mucce
1866 1618 1889 1656 4,
1906 1624 1940 1649 et
1956 1618 2005 1650 ibi
2021 1618 2141 1650 hedifi-

300 1671 369 1703 cari
394 1671 510 1702 facere
533 1680 637 1701 unum
668 1675 817 1710 pontem,
843 1679 945 1711 super
968 1680 1070 1710 quem
1095 1669 1276 1700 transirent
1300 1679 1419 1700 currus
1443 1679 1520 1701 cum
1544 1670 1702 1702 arnexiis.
1749 1671 1834 1702 Post
1864 1672 1922 1702 laec
1953 1672 1988 1703 in
2012 1672 2143 1703 nomine

299 1725 370 1756 Dei
390 1725 508 1755 ibimus
531 1723 637 1754 visum
661 1722 885 1753 Bononienses
908 1733 1008 1763 usque
1028 1726 1149 1764 portas
1172 1722 1331 1754 Bononie.
1379 1723 1424 1754 Et
1448 1723 1493 1754 ad
1516 1724 1583 1755 hoc
1609 1724 1786 1755 consilium
1811 1734 1927 1756 omnes
1951 1725 2142 1757 consentie-

299 1783 393 1813 runt3
420 1782 453 1808 et
477 1774 680 1807 recedentes
704 1786 723 1806 a
747 1775 891 1807 consilio
915 1775 1093 1807 redierunt
1117 1775 1161 1806 ad
1186 1775 1307 1807 tendas
1332 1785 1461 1807 eorum.
1508 1776 1666 1808 Marchio
1701 1782 1811 1808 autem
1840 1777 2054 1820 Raynaldus,
2086 1779 2144 1821 qui

299 1841 367 1863 non
393 1829 594 1867 dormiebat,
618 1828 707 1860 misit
731 1839 794 1870 pro
819 1828 892 1860 eius
915 1828 1132 1869 caporalibus
1155 1829 1273 1870 populi
1298 1829 1326 1861 F
1329 1829 1467 1868 errarie,
1492 1828 1611 1860 dicens
1635 1830 1698 1861 eis:
1732 1830 1877 1862 Fratres
1908 1831 2084 1871 carissimi,
2115 1832 2147 1863 si
2168 1832 2209 1864 30

300 1885 359 1915 lzoc
382 1884 552 1925 inceptum
576 1882 750 1923 negotium
775 1881 856 1911 bene
877 1881 1098 1923 consequitur,
1116 1885 1202 1912 totus
1223 1881 1328 1913 lzouor
1351 1886 1400 1912 est
1422 1882 1522 1923 nobis,
1547 1882 1580 1912 si
1600 1883 1818 1922 contrarium,
1843 1883 1995 1926 dapnum
2004 1896 2016 1925 ,·
2039 1894 2144 1926 quare

300 1937 372 1968 volo
396 1937 485 1979 quod
507 1936 542 1966 in
566 1939 657 1966 nocte
681 1935 745 1966 ista
768 1935 942 1977 incipiatis
965 1945 1133 1966 rumorem
1157 1935 1337 1966 clamantes
1359 1936 1407 1965 ad
1428 1946 1525 1966 arma
1548 1940 1666 1967 contra
1689 1936 1849 1977 inimicos,
1875 1937 1935 1979 qui
1950 1937 2086 1968 veniunt
2100 1938 2147 1968 ad

299 2001 364 2021 nos.
417 1989 511 2020 Tunc
535 1999 643 2019 omnes
668 1988 707 2018 de
730 1991 846 2030 campo
870 1988 1002 2018 venient
1024 1988 1071 2018 ad
1092 1998 1142 2018 me
1166 1989 1212 2019 ad
1226 1988 1473 2030 inquirendum,
1492 1988 1575 2030 quid
1588 1989 1633 2019 sit
1647 1988 1716 2020 hoc.
1764 1989 1884 2021 Nolite
1898 2000 1955 2021 vos
1974 1990 2143 2029 adcedere,

294 2054 406 2086 ymmo
428 2046 553 2073 secrete
576 2052 674 2083 quam
698 2041 796 2072 citius
817 2041 966 2083 potestis,
992 2041 1138 2072 recedite
1161 2041 1203 2072 de
1234 2044 1362 2083 campo,
1395 2045 1427 2072 et
1457 2042 1503 2072 ite
1525 2041 1710 2072 stlat-anum
1734 2042 1775 2072 de
1799 2041 1966 2084 Campilio
1980 2041 2009 2083 ⁵,·
2036 2046 2069 2073 et
2098 2042 2148 2074 ibi

299 2097 440 2128 transite
463 2094 686 2135 Scultennam,
713 2098 745 2124 et
768 2093 887 2124 deiude
912 2093 1061 2135 dirigite
1084 2094 1152 2125 iter
1174 2098 1251 2124 aute
1274 2098 1421 2125 castrum
1448 2094 1560 2125 Guilie
1573 2092 1584 2109 ὃ
1607 2105 1708 2136 usque
1721 2093 1863 2136 joveam
1881 2095 2009 2135 lllucce,
2027 2100 2059 2127 et
2074 2095 2142 2127 aci·
2167 2095 2207 2127 35

296 2150 370 2192 pite
391 2152 538 2191 passum.
587 2146 669 2178 Cum
694 2147 792 2178 eritis
816 2147 917 2187 ultra,
933 2146 1082 2189 faciatis
1104 2147 1190 2178 milti
1211 2147 1376 2189 quoddam
1399 2147 1540 2189 signum
1554 2146 1705 2190 flammi,-
1729 2152 1762 2178 et
1784 2158 1852 2189 ego
1867 2149 1981 2179 statim
2012 2149 2144 2179 veniam

300 2203 346 2233 ad
367 2213 431 2233 vos.
478 2201 522 2232 Et
546 2200 595 2231 sic
620 2200 775 2231 ordinate
799 2200 966 2238 fecerunt,
990 2200 1079 2231 sicut
1103 2200 1204 2237 dixit3
1231 2206 1264 2231 et
1287 2200 1381 2231 facto
1398 2200 1506 2242 signo,
1523 2200 1748 2232 incontinenti
1766 2201 1919 2232 marchio
1943 2201 2144 2244 Raynaldus

299 2266 376 2286 cum
400 2260 471 2286 toto
496 2253 647 2285 exercitu
671 2253 825 2284 transivit
849 2252 1059 2290 Scultenam‚
1084 2258 1117 2284 et
1149 2252 1333 2290 Mucciam,
1359 2258 1391 2285 et
1416 2253 1617 2295 Samoccam
1632 2252 1652 2291 ⁷,
1685 2259 1813 2285 tantum
1831 2254 1924 2295 quod
1941 2254 2145 2287 invenerunt

300 2307 532 2339 Bononienses
555 2312 756 2347 preparatos
779 2304 824 2336 ad
847 2305 985 2342 bellum,
1011 2305 1069 2347 qui
1092 2311 1190 2337 erant
1213 2306 1249 2336 in
1274 2306 1420 2337 maxima
1444 2305 1646 2347 quantitate,
1672 2311 1705 2337 et
1732 2305 1915 2338 multitudo
1947 2306 2144 2339 lancearum

299 2359 479 2392 videbatur
503 2359 676 2401 quoddam
702 2368 829 2389 nemus.
877 2358 977 2389 Tunc
1003 2368 1120 2389 omnes
1146 2369 1188 2390 ex
1211 2364 1309 2399 parte
1334 2359 1465 2391 domini
1481 2358 1693 2390 Marchionis
1710 2365 1876 2400 ceperunt
1899 2359 2064 2392 clamare:
2090 2359 2149 2392 Ad
2170 2362 2210 2392 40

388 2504 412 2521 2.
439 2497 545 2521 Montis
566 2497 644 2521 Vecli
670 2497 748 2521 Mun.
768 2509 800 2513 —
827 2495 852 2521 6.
872 2496 978 2520 Montis
998 2496 1075 2519 Vecli
1103 2496 1182 2520 Mna.
1202 2509 1234 2513 —-
1258 2496 1282 2520 S.
1302 2495 1337 2520 ad
1356 2503 1416 2528 agg.
1437 2497 1514 2521 Mun.
1536 2509 1567 2513 —
1589 2495 1642 2528 8-9.
1666 2495 1837 2528 provideant
1866 2503 1926 2527 agg.
1952 2496 2029 2521 MUR.
2050 2508 2081 2513 —
2105 2502 2145 2520 12.

298 2541 355 2563 tam
376 2539 452 2563 Mun.
473 2546 519 2562 om.
541 2538 564 2561 Α
586 2552 617 2555 -
640 2538 679 2563 18.
698 2539 813 2570 tangere
832 2538 874 2565 Α,·
893 2538 1013 2569 tetigero
1034 2538 1112 2562 Mun.

388 2633 396 2649 ¹
418 2634 595 2659 Castelvetro
615 2642 630 2658 a
654 2642 684 2667 19
705 2635 751 2659 kil.
771 2635 838 2659 S-O.
858 2635 893 2659 da
913 2634 1040 2659 Modena.
1337 2633 1346 2649 ⁴
1368 2635 1471 2664 Muzza,
1491 2635 1581 2658 Mucia
1595 2635 1709 2665 fluvius,
1723 2634 1818 2662 Limes,
1838 2634 1903 2662 Via:
1924 2641 1978 2658 Con
1999 2634 2064 2658 tutti
2078 2641 2145 2666 que-

387 2674 398 2690 “3
417 2676 575 2705 Scultenna,
596 2675 655 2700 cosi
673 2677 864 2701 anticamente
883 2676 1056 2701 chiamavasi
1075 2676 1094 2700 il
1113 2677 1194 2701 tiume
1249 2678 1286 2701 sti
1306 2677 1382 2701 nomi
1410 2677 1434 2700 si
1459 2676 1554 2700 indica
1580 2676 1605 2700 la
1625 2676 1725 2704 Muzza,
1751 2674 1849 2708 perche
1875 2676 1944 2700 oltre
1964 2682 2038 2699 esser
2056 2675 2145 2705 fiume,

298 2718 416 2742 Panaro.
455 2717 500 2742 Cf.
521 2719 711 2747 Tmnnoscm,
731 2719 885 2742 Dl'm'onario
904 2726 964 2746 ecc„
983 2725 1009 2750 p.
1032 2724 1089 2749 170.
1130 2715 1133 2720 ¹
1250 2726 1295 2743 cra
1316 2719 1404 2742 anche
1422 2725 1478 2743 una
1498 2718 1575 2742 volta
1595 2718 1615 2742 il
1627 2716 1736 2742 confine
1754 2717 1802 2741 che
1816 2724 1950 2750 separava
1963 2717 1983 2741 il
1997 2717 2146 2741 Modenese

388 2760 399 2777 3
417 2760 437 2783 Il
457 2760 622 2783 Tiraboschi
643 2760 807 2791 (Disiomzrio
830 2768 889 2788 ecc„
909 2760 942 2790 11,
963 2768 989 2791 p.
1016 2760 1061 2791 86)
1087 2761 1196 2784 ricorda
1251 2761 1296 2785 dal
1318 2761 1479 2792 Bolognese‚
1498 2760 1530 2784 ed
1545 2767 1591 2784 era
1605 2760 1692 2784 anche
1711 2766 1806 2791 presso
1820 2766 1880 2784 essa
1901 2766 1957 2783 una
1971 2759 2016 2783 via
2036 2759 2078 2782 del
2092 2766 2147 2783 me-

299 2801 362 2825 solo
385 2809 420 2825 un
446 2801 558 2825 castello
579 2801 606 2824 di
632 2802 728 2825 Monte
749 2801 872 2825 Vecehio
892 2809 987 2834 presso
1013 2802 1140 2826 Missano
1166 2802 1196 2825 in
1251 2802 1355 2826 desimo
1376 2809 1466 2826 nome.
1504 2802 1692 2831 Tnumoseffl,
1711 2801 1864 2824 Dim'onario
1884 2808 1943 2828 ccc„
1963 2808 1989 2833 p.
2012 2807 2070 2825 110.
2178 2811 2206 2835 15

300 2843 363 2873 quel
384 2843 413 2866 di
428 2843 524 2872 Zocca,
546 2850 589 2866 ma
609 2840 622 2866 ὲ
641 2843 725 2874 luogo
745 2845 846 2875 troppo
867 2843 989 2867 distante
1009 2844 1044 2867 da
1063 2843 1148 2874 quelli
1167 2844 1196 2867 in
1341 2842 1351 2857 5
1372 2843 1489 2867 Marano
1509 2843 1549 2867 sul
1568 2843 1678 2867 Panare
1699 2850 1714 2866 a
1735 2847 1767 2873 27
1787 2843 1834 2867 kil.
1855 2842 1953 2867 S—S-O.
1968 2843 2002 2866 da
2017 2841 2146 2866 Modena.

300 2884 343 2907 cui
363 2884 386 2908 si
407 2884 530 2908 svolsero
549 2886 645 2916 queste
664 2885 766 2909 azioni.
804 2885 888 2908 Forse
909 2885 928 2909 il
947 2885 1072 2909 cronista
1086 2886 1133 2916 qui
1153 2885 1196 2908 in·
1342 2882 1353 2899 ὃ
1373 2885 1489 2916 Guiglia
1509 2892 1524 2908 a
1547 2891 1575 2908 12
1597 2884 1643 2908 kil.
1664 2884 1726 2908 s-E.
1746 2884 1781 2908 da
1800 2884 1931 2916 Vignola.

243 2932 274 2949 10
301 2926 382 2950 tende
403 2926 431 2950 di
450 2933 600 2950 accennare
621 2933 635 2949 a
656 2925 842 2950 Castelvetro.
1343 2925 1352 2940 7
1372 2927 1530 2958 Samoggia,
1550 2927 1674 2950 torrente
1693 2925 1737 2949 ne]
1762 2925 1926 2957 Bolognese.
