2297 3476
150 1903 170 1917 c.
186 1900 236 1919 701!

316 176 363 210 92
948 174 1260 210 CHRONICON
1289 173 1518 209 ESTENSE
1847 179 1929 212 [AA.
1951 180 2147 212 1324-1325]

1090 329 1343 361 Mcccxxm
1344 329 1374 371 J.

399 412 450 442 De
475 421 590 443 mense
614 409 767 453 januarii.
815 409 979 440 Dominus
1003 409 1221 442 Castruccius
1244 419 1321 440 cum
1346 409 1498 441 exercitu
1521 420 1581 441 suo
1605 410 1782 441 conflictus
1806 410 1870 441 fuit
1898 416 1931 441 et
1954 410 2150 441 vulneratus

312 463 345 493 in
368 461 521 503 partibus
543 460 669 491 Tuscie
693 460 737 491 ad
763 465 909 491 castrum
934 459 1118 491 Fuceccli¹
1143 466 1209 492 etc.

398 514 530 546 Eodem
544 513 723 544 millesimo
738 518 770 544 et
787 512 830 543 de
847 512 940 544 dicto
957 521 1071 543 mense
1088 512 1242 555 januarii.
1258 512 1424 544 Dominus
1441 513 1593 545 marchio
1610 513 1812 556 Raynaldus
1834 514 1877 544 de
1895 514 1996 545 domo
2013 513 2148 551 estensi,

312 568 467 600 dominus
490 566 594 598 Canis
619 566 662 596 de
687 565 719 595 la
743 564 856 602 Scala,
881 564 1038 596 dominus
1062 564 1260 596 Passarinus
1285 565 1327 596 de
1363 565 1516 602 Mantua,
1541 565 1696 597 dominus
1727 566 1855 608 Galeac
1886 566 1929 596 de
1957 565 2152 598 Vicecomi-
2197 564 2214 596 5

311 621 408 659 tibus,
434 619 676 651 ambaxiatores
699 617 853 650 comunis
876 617 1050 649 Florentie
1075 628 1115 649 ac
1140 617 1240 649 totius
1262 617 1480 656 Lombarffle,
1506 628 1622 649 omnes
1645 617 1690 649 ad
1713 618 1860 649 invicem
1893 619 1938 650 ad
1961 618 2151 659 parlamen-

312 680 383 705 tum
408 673 628 704 adcesserunt
651 670 850 714 Palacolum
874 670 908 701 in
933 669 1087 702 districtu
1111 670 1292 707 Cremone,
1316 681 1384 701 una
1400 681 1477 702 cum
1501 671 1628 702 vicario
1642 671 1653 687 ‘²
1677 670 1849 713 magnifici
1882 676 1915 702 et
1939 671 2064 702 excelsi
2091 671 2153 702 do-

311 725 391 757 mini
415 724 543 756 domini
567 723 797 765 Imperatoris,
820 722 878 754 ubi
902 732 1025 765 magna
1049 723 1145 754 curia
1168 724 1262 755 facta
1285 729 1346 754 est.
1392 723 1517 755 Postea
1541 733 1658 755 omnes
1681 729 1906 761 recesserunt,
1939 723 2080 765 quilibet
2103 724 2148 755 ad

336 776 454 808 atriam
477 775 623 806 rediens.

311 787 333 819 p
397 827 529 859 Eodem
552 825 729 857 millesimo
755 825 797 856 de
822 834 938 856 mense
962 824 1083 856 martii.
1130 823 1242 867 Arger
1265 824 1423 856 Pollicini
1448 825 1555 856 sancti
1579 823 1720 856 Antonii
1746 824 1952 866 completum
1977 830 2036 856 est.
2083 824 2150 856 Po-
2178 825 2216 855 10

310 886 381 911 stea
403 880 567 912 foderunt
590 879 709 910 foveas
733 877 825 910 dicte
851 877 994 909 civitatis
1018 877 1178 909 Ferrarie
1210 888 1230 909 a
1260 883 1360 919 porta
1383 877 1491 909 sancti
1515 877 1699 910 Clementis
1722 887 1830 920 usque
1855 883 2037 909 cantonum
2069 877 2151 909 civi-

310 933 385 965 tatis
408 933 503 964 iuxta
526 933 675 974 Burgum
700 931 910 963 inferiorem.

398 986 531 1018 Eodem
555 984 742 1022 millesimo,
760 985 803 1016 de
820 993 935 1015 mense
953 982 1067 1015 madii.
1102 983 1240 1015 Domini
1256 984 1459 1026 Raynaldus
1476 990 1510 1016 et
1527 983 1646 1026 Obico‚
1664 984 1787 1015 fratres
1802 983 2024 1015 Marchiones
2040 989 2153 1015 esten-

310 1049 373 1077 ses,
391 1038 517 1071 domini
533 1038 561 1069 F
563 1037 688 1069 errarie
706 1043 772 1069 etc.
790 1037 959 1080 eligerunt
975 1037 1098 1068 multos
1113 1036 1235 1068 milites
1253 1043 1286 1068 et
1302 1037 1459 1068 homines
1476 1037 1592 1078 populi
1609 1037 1765 1069 Ferrarie
1783 1042 1816 1068 et
1834 1036 2016 1074 districtus,
2030 1035 2152 1078 quibus

311 1092 466 1124 omnibus
489 1096 688 1132 preceptum
711 1089 776 1121 fuit
798 1096 897 1131 parte
921 1089 1088 1121 dictorum
1105 1089 1334 1126 dominorum,
1351 1089 1444 1131 quod
1469 1099 1545 1120 cum
1569 1100 1685 1122 eorum
1703 1089 1803 1121 armis
1822 1089 1931 1130 parati
1957 1089 2150 1120 existerent.
2180 1088 2216 1119 15

398 1144 531 1176 Eodem
554 1143 731 1174 millesimo
757 1148 792 1174 et
814 1152 941 1173 mense.
989 1140 1176 1173 Maximum
1200 1141 1287 1184 ignis
1311 1141 1375 1173 fuit
1398 1152 1502 1183 super
1524 1142 1633 1183 ripam
1658 1141 1815 1173 Ferrarie
1846 1152 1865 1172 a
1896 1142 2001 1172 latere
2036 1146 2149 1182 poste·-

311 1197 391 1230 riori
415 1203 449 1229 et
472 1196 652 1233 anteriori3
678 1205 783 1238 quare
807 1195 988 1226 maximum
1013 1195 1163 1237 dapnum
1188 1200 1408 1226 consecutum
1433 1201 1495 1227 est.

398 1251 531 1283 Eodem
562 1249 754 1287 millesimo,
779 1248 821 1279 de
845 1257 962 1279 mense
991 1247 1085 1290 junii.
1110 1247 1194 1280 Pars
1218 1247 1375 1279 Ecclesie
1409 1247 1556 1279 existens
1587 1248 1622 1279 in
1646 1248 1781 1280 civitate
1810 1247 1962 1285 Moncie‚
1988 1246 2151 1284 conflicti,

310 1303 433 1336 mortui
458 1309 491 1335 et
515 1301 604 1344 capti
629 1302 767 1333 fuerunt
790 1311 809 1331 a
832 1300 991 1343 gentibus
1014 1300 1228 1332 dominorum
1251 1300 1449 1339 Mediolani,
1475 1300 1565 1342 capti
1588 1311 1670 1333 vero
1695 1301 1788 1332 circa
1812 1309 1906 1332 cccc.

399 1356 531 1388 Eodem
554 1354 734 1386 millesimo
752 1360 785 1386 et
801 1363 927 1385 mense.
952 1353 1120 1385 Dominus
1144 1353 1255 1395 Obieo
1272 1353 1424 1385 marchio
1449 1353 1590 1385 estensis
1608 1363 1684 1384 cum
1702 1353 1848 1384 maxima
1865 1352 2051 1394 quantitate
2068 1362 2152 1395 gen·
2175 1353 2217 1383 20

309 1410 392 1442 tium
417 1408 621 1451 equestrium
646 1413 680 1438 et
703 1406 868 1448 peditum,
894 1407 1101 1438 discendens
1126 1405 1294 1443 Ferraria,
1311 1405 1443 1447 perexit
1467 1406 1640 1438 Veronam
1664 1406 1699 1436 in
1723 1405 1909 1437 subsidium
1934 1405 2061 1436 domini
2086 1405 2151 1436 Ca-

308 1463 360 1494 nis
383 1462 426 1493 de
450 1462 484 1492 la
508 1461 620 1498 Scala,
644 1459 773 1491 domini
798 1459 942 1490 civitatis
966 1459 1105 1490 Verone
1122 1466 1156 1491 et
1173 1458 1349 1495 Vicentie;
1376 1459 1455 1501 quia
1472 1458 1599 1490 domini
1616 1458 1734 1490 Padue
1751 1458 1914 1489 miserant
1929 1467 1990 1499 pro
2016 1457 2151 1490 domino

311 1517 398 1548 duce
422 1512 593 1551 Austrie³‚
620 1512 676 1555 qui
700 1512 793 1543 venit
816 1511 970 1543 Paduam
998 1521 1075 1543 cum
1107 1511 1252 1542 maxima
1285 1511 1472 1553 quantitate
1504 1511 1777 1542 barbaniclorum
1811 1511 1853 1541 ad
1886 1509 2152 1542 destructionem

311 1569 393 1600 dicti
416 1567 546 1599 domini
572 1565 691 1602 Canis;
716 1571 766 1596 set
793 1565 865 1607 ipse
890 1564 938 1597 sic
962 1565 1134 1606 sapienter
1164 1564 1314 1606 providit
1346 1574 1423 1595 cum
1454 1574 1514 1595 suo
1547 1564 1699 1601 consilio,
1732 1564 1824 1605 quod
1857 1563 1900 1594 de
1932 1573 2047 1594 mense
2076 1563 2151 1605 julii

312 1629 487 1665 treuguam
512 1618 681 1651 contraxit
705 1628 781 1649 cum
804 1628 886 1660 rege
910 1618 1070 1659 predicto
1085 1628 1193 1659 usque
1211 1617 1255 1648 ad
1271 1618 1397 1649 festum
1415 1616 1621 1648 Nativitatis.
1670 1616 1788 1653 Quare
1804 1616 1946 1648 recessit
1963 1616 2005 1647 de
2022 1615 2151 1654 Padua,
2176 1616 2216 1647 25

310 1682 343 1707 et
365 1674 544 1707 redierunt
566 1672 600 1703 in
623 1670 775 1713 partibus
798 1671 881 1708 suis3
908 1676 942 1702 et
966 1670 1122 1702 similiter
1145 1669 1203 1701 alii
1227 1676 1293 1702 ete.

397 1728 530 1759 Eodem
554 1724 731 1756 millesimo
755 1730 787 1755 et
810 1734 926 1755 mense
948 1723 1031 1766 julii.
1077 1723 1277 1764 Completus
1301 1729 1352 1755 est
1375 1733 1462 1765 pons
1485 1722 1596 1755 Castri
1620 1722 1760 1761 thealdi,
1778 1727 1811 1754 et
1831 1722 1932 1754 turris
1949 1721 2049 1753 etiam
2066 1721 2154 1754 ultra

310 1781 452 1818 Padum,
478 1785 511 1811 et
534 1777 775 1810 barbacanum.

399 1831 531 1863 Eodem
554 1828 743 1866 millesimo,
768 1828 823 1860 die
847 1837 980 1859 xxvnn
1006 1827 1167 1860 octubris.
1215 1827 1389 1859 Restituta
1414 1833 1464 1858 est
1488 1827 1608 1858 civitas
1624 1826 1778 1870 Argente
1796 1826 1940 1858 dominis
1967 1825 2152 1868 Raynaldo

312 1885 362 1917 et'
388 1884 536 1928 Obiconi
559 1881 722 1914 fratribus
745 1881 999 1913 marchionibus
1015 1881 1220 1918 estensibus3
1247 1887 1280 1913 et
1297 1880 1354 1912 die
1371 1881 1480 1922 primo
1497 1880 1692 1912 novembris
1708 1880 1897 1911 restitutum
1916 1885 1966 1910 est
1983 1878 2032 1910 eis
2056 1878 2155 1910 etiam
2180 1880 2222 1910 30

310 1945 456 1971 castrum
479 1936 644 1979 Argente.

398 1988 528 2021 Eodem
552 1986 741 2023 millesimo,
767 1986 810 2018 de
841 1996 957 2017 mense
990 1984 1194 2018 decembris.
1241 1984 1414 2017 Restituta
1444 1990 1495 2016 est
1527 1984 1647 2016 civitas
1679 1982 1819 2016 Muncie
1851 1982 1989 2015 domino
2022 1981 2152 2024 Galeac

310 2043 353 2075 de
377 2039 647 2074 vicecomitibus
670 2038 810 2071 domino
835 2038 983 2071 civitatis
1006 2038 1207 2071 Mediolani.

1110 2143 1356 2177 MCCCXXV.

398 2228 450 2261 De
474 2237 591 2261 mense
617 2224 790 2258 februarii.
838 2223 1010 2256 Maximus
1032 2224 1121 2267 ignis
1145 2224 1210 2256 fuit
1233 2224 1267 2255 in
1292 2224 1449 2256 Ferraria
1472 2224 1517 2255 ad
1540 2229 1671 2265 portam
1706 2223 1832 2254 Leonis
1860 2222 1895 2253 in
1919 2227 2021 2254 nocte
2045 2221 2153 2253 sancti
2176 2221 2217 2253 35

309 2282 454 2315 Matthie
478 2279 670 2323 appostoli⁴
695 2290 771 2311 cum
796 2279 945 2321 dampno
970 2278 1128 2309 maximo.

398 2335 531 2367 Eodem
553 2333 731 2365 millesimo
756 2339 789 2364 et
813 2341 939 2363 meuse.
964 2331 1130 2362 Dominus
1153 2330 1256 2362 Canis
1280 2329 1323 2361 de
1348 2330 1380 2360 la
1404 2329 1506 2361 Scala
1537 2330 1695 2361 dominus
1719 2329 1857 2361 Verone
1882 2328 2045 2369 equitavit
2077 2338 2154 2359 cum

309 2395 380 2421 toto
404 2398 504 2429 posse
528 2397 629 2428 super
653 2385 844 2417 districtum
868 2384 1000 2416 Padue:
1025 2389 1167 2425 propter
1191 2383 1285 2425 quod
1308 2392 1468 2425 magnum
1493 2383 1643 2424 dapnum
1669 2387 1891 2413 consecutum
1915 2387 1981 2418 est3
2007 2386 2041 2413 et
2065 2380 2151 2411 fecit

312 2440 482 2474 comburri
504 2440 626 2471 multas
650 2439 781 2477 domos,
805 2444 837 2470 et
861 2436 976 2470 occidi
999 2436 1122 2468 multos
1145 2435 1300 2467 homines
1325 2441 1389 2467 etc.

399 2492 530 2526 Eodem
554 2491 732 2524 millesimo
756 2497 790 2523 et
820 2500 946 2522 mense.
978 2489 1143 2521 Dominus
1165 2489 1355 2521 Chichinus
1379 2489 1422 2520 de
1447 2489 1480 2519 la
1511 2488 1614 2520 Scala
1637 2488 1763 2520 clauxit
1794 2488 1830 2518 in
1862 2486 2022 2518 extremis
2046 2492 2152 2518 morte
2177 2487 2218 2517 40

310 2546 457 2580 naturali
480 2546 515 2577 in
540 2544 677 2577 civitate
700 2544 840 2576 Verone
854 2543 875 2575 ⁵.

400 2664 440 2690 23.
451 2657 654 2681 barbaiclorum
666 2655 744 2681 Mna.
753 2669 785 2674 —·
795 2662 836 2687 24.
846 2653 984 2688 providit]
996 2653 1118 2687 previdit
1126 2653 1149 2678 Α
1157 2668 1188 2671 -
1198 2659 1240 2685 30.
1251 2652 1348 2684 etiam]
1358 2655 1385 2677 et
1396 2653 1421 2676 B
1432 2653 1510 2678 Mun.
1520 2667 1550 2670 —
1561 2659 1603 2684 40.
1614 2653 1717 2677 Eodem
1726 2651 1878 2675 millesimo
1888 2652 1916 2675 et
1925 2656 2017 2674 mense
2025 2657 2072 2673 om.
2082 2649 2158 2675 Mun.

311 2728 344 2753 28
363 2729 469 2760 giugno
492 2733 557 2760 1323
577 2735 592 2751 e
610 2728 718 2751 trovasi
738 2726 895 2759 pubblicato
910 2726 939 2750 in
959 2725 1046 2755 Mun„
1061 2717 1206 2751 Ant.'Est.,
1348 2722 1359 2738 ²
1379 2723 1510 2748 Bertoldo
1531 2723 1560 2747 di
1580 2722 1688 2753 Neifen,
1708 2726 1789 2748 conte
1809 2723 1838 2746 di
1852 2722 2027 2746 Marstetten.
2047 2719 2150 2744 Ctp0L-

312 2771 346 2800 ΙΙ,
367 2778 394 2803 p.
413 2776 455 2801 74.
1261 2771 1303 2795 LA,
1322 2765 1475 2796 Compendz‘o
1494 2765 1564 2788 della
1575 2768 1637 2790 star.
1647 2766 1756 2795 politica
1770 2766 1800 2789 di
1818 2765 1927 2791 Verona,
1939 2763 2060 2792 Verona.
2078 2761 2151 2793 1899,

400 2810 408 2827 ¹
428 2812 580 2836 Fucecchio
601 2819 616 2836 a
635 2813 705 2836 sette
725 2812 772 2835 kil.
791 2810 866 2835 N-O.
887 2810 921 2833 da
941 2810 996 2834 San
1016 2809 1147 2834 Miniato.
1184 2809 1205 2832 11
1262 2815 1286 2840 p.
1309 2813 1369 2837 231.
2183 2807 2215 2826 πο

312 2854 452 2878 tentativo
472 2853 502 2877 di
521 2852 685 2877 Castruccio
706 2852 735 2876 di
749 2851 866 2883 prender
880 2858 929 2884 per
948 2858 1075 2883 sorpresa
1090 2850 1110 2874 il
1129 2850 1204 2874 forte
1348 2847 1359 2863 ³
1379 2850 1512 2874 cherico
1532 2850 1553 2874 il
1573 2850 1661 2874 Bello.

312 2895 428 2918 castello
442 2894 470 2918 di
483 2894 634 2918 Fucecchio
648 2900 774 2917 avvenne
788 2893 863 2916 nella
873 2893 952 2916 notte
966 2891 1009 2916 del
1026 2899 1056 2924 19
1069 2891 1206 2916 dicembre
1349 2889 1358 2906 ⁴
1378 2897 1413 2922 ²4
1431 2891 1569 2916 febbraio.

317 2941 380 2969 1323
394 2944 447 2961 con
467 2937 539 2961 esito
553 2936 709 2960 contrario.
731 2936 765 2959 A.
786 2935 973 2964 Muzmzosn,
988 2937 1026 2965 op.
1041 2935 1097 2961 cit„
1111 2933 1131 2964 Ι,
1150 2939 1207 2964 105.
1348 2931 1359 2948 ⁵
1380 2933 1411 2958 26
1430 2933 1565 2958 fcbbraio.
