2307 3592
117 207 200 242 [ΛΑ.
223 208 418 241 1284-1287]
751 200 1064 236 CHRONICON
1092 199 1322 235 ESTENSE
1910 201 1954 238 47

118 333 194 366 dari
209 335 367 366 fecerunt
384 333 486 365 filiam
502 334 593 377 regis
609 334 795 371 Manstedi,
824 343 891 375 que
916 338 988 364 erat
1010 332 1045 363 in
1070 332 1265 364 carceribus
1290 332 1323 363 in
1348 333 1496 375 quodam
1521 333 1641 365 Castro
1666 333 1699 364 in
1722 333 1796 374 ripa
1820 333 1924 364 maris
1940 335 1960 371 ¹,

116 396 183 429 que
207 387 373 428 detenpta
396 393 468 418 erat
491 387 537 419 ibi
560 397 623 429 per
646 386 774 418 dictum
798 396 916 428 regem
940 385 1118 423 Karolum,
1144 390 1178 417 et
1203 385 1329 417 dictam
1357 385 1527 418 dominam
1554 385 1792 418 conduxerunt
1817 396 1893 418 cum
1918 396 1961 417 eo

116 439 161 471 ad
186 439 360 471 civitatem
383 439 526 471 Missine
551 445 618 472 etc.

203 491 337 523 Eodem
368 492 546 524 millesimo
578 492 633 523 die
662 491 751 534 jovis
774 501 843 523 VIII
878 489 980 533 junii!
1028 489 1252 531 Supradictus
1285 491 1442 522 dominus
1470 501 1531 523 rex
1554 491 1703 523 Karolus
1727 502 1803 522 cum
1836 501 1960 534 magna

76 543 93 575 5
119 544 308 586 quantitate
331 544 474 576 militum
498 550 532 576 et
554 544 707 586 peditum
732 549 765 575 et
789 553 912 586 magna
935 542 1123 585 quantitate
1147 542 1293 581 navium,
1318 542 1451 575 scilicet
1473 543 1648 586 galearum
1681 549 1715 575 et
1738 544 1880 576 aliarum
1904 554 1963 574 na-

117 597 220 635 vium,
245 596 403 638 pervenit
433 596 477 628 ad
502 596 672 629 civitatem
696 595 889 638 Neapolim.

896 700 1179 733 MCCLXXXV.

202 773 270 805 Die
293 783 317 804 v
339 773 483 818 januarij
499 773 520 806 ².
566 772 731 805 Dominus
754 782 814 804 rex
837 772 986 804 Karolus
1009 772 1185 813 predictus
1209 772 1295 804 obiit
1318 773 1352 803 in
1369 773 1504 804 civitate
1530 773 1680 814 Neapoli
1704 773 1746 804 de
1771 778 1878 804 morte
1903 783 1962 804 na—

115 826 223 864 turali,
248 832 282 862 et
304 826 459 859 instituit'
482 827 648 858 Karolum
676 826 746 857 eius
771 824 956 867 nepotem³
980 825 1084 856 filium
1106 824 1193 857 dicti
1217 825 1389 867 Principis
1413 826 1484 857 eius
1508 825 1577 863 filii,
1603 826 1662 868 qui
1685 825 1867 867 detenptus
1891 830 1963 856 erat

53 879 91 910 10
113 889 177 920 per
199 879 392 920 predictum
415 889 533 922 regem
556 879 767 921 Aragonum‚
791 878 826 910 in
850 887 965 921 regem
991 884 1025 909 et
1048 878 1222 909 dominum
1240 878 1366 916 Sicilie,
1384 884 1417 910 et
1434 878 1581 910 omnium
1598 888 1732 910 suorum
1756 878 1877 909 iurium
1895 883 1960 909 etc.

116 932 250 964 Eodem
276 932 453 964 millesimo
477 932 511 963 in
536 932 593 964 die
617 937 734 964 sancte
758 931 868 963 Lucie
891 931 957 963 fuit
979 941 1123 974 magnus
1146 937 1350 963 terremotus
1374 931 1410 962 in
1435 931 1570 963 civitate
1599 931 1752 968 Ferarie;
1779 938 1812 962 et
1843 931 1877 962 in
1907 930 1966 962 illo

114 984 169 1015 die
194 984 352 1016 dominus
375 985 587 1028 Maynardus
611 984 654 1016 de
679 984 869 1016 Mainardis
893 983 936 1016 de
960 983 1101 1016 Feraria
1124 989 1277 1016 mortuus
1300 984 1376 1015 fuit.

878 1102 1168 1136 MCCLXXXVI
1170 1103 1200 1145 J.

200 1176 252 1207 De
277 1185 394 1208 mense
418 1175 632 1218 septembris.
680 1175 938 1218 Sapientissima
962 1175 1101 1208 domina
1125 1176 1264 1208 domina
1287 1175 1453 1218 Jacobina
1478 1175 1521 1206 de
1545 1174 1660 1206 Flisco
1686 1174 1728 1206 de
1752 1174 1862 1217 Janua
1878 1184 1962 1206 uxor

53 1226 88 1259 15
114 1228 290 1272 Magnifici
315 1229 444 1260 domini
470 1229 598 1260 domini
622 1229 831 1261 marchionis
854 1228 1018 1271 Opiconis
1044 1229 1184 1261 estensis
1209 1228 1293 1261 obiit
1324 1228 1357 1259 in
1383 1228 1518 1259 civitate
1542 1228 1570 1259 F
1573 1227 1712 1264 errarie3
1738 1233 1772 1259 et
1794 1227 1962 1268 sepultum

114 1281 181 1314 fuit
206 1291 329 1323 corpus
354 1282 427 1314 eius
450 1283 497 1314 acl
521 1282 634 1314 locum
657 1284 796 1315 Fratum
821 1281 994 1314 Minorum
1017 1282 1118 1314 valde
1136 1281 1336 1313 honorifice.

201 1335 334 1366 Eodem
357 1335 537 1367 millesimo
561 1342 594 1367 et
617 1346 745 1367 mense.
784 1334 1036 1374 Manfredinus‚
1062 1341 1096 1366 et
1118 1335 1353 1367 Thomaxinus
1370 1335 1493 1366 fratres
1511 1335 1555 1366 de
1579 1334 1612 1365 la
1634 1334 1739 1372 Rosa,
1763 1334 1822 1376 qui
1845 1339 1965 1375 postea

113 1387 226 1419 vocati
250 1387 389 1419 suerunt
413 1388 543 1420 domini
567 1388 609 1419 de
634 1388 783 1426 Sassolo‚
807 1394 842 1419 et
858 1387 1017 1420 dominus
1034 1388 1226 1420 Grassonus
1244 1389 1287 1419 de
1305 1386 1536 1420 Grassonibus
1553 1387 1596 1418 de
1612 1386 1757 1425 Mutina,
1777 1385 1964 1417 Thomaxi-

112 1451 175 1472 nus
198 1439 242 1472 de
265 1440 460 1473 Lambertis
484 1441 526 1473 de
551 1440 702 1479 Feraria,
728 1452 805 1473 cum
828 1441 942 1472 multis
966 1440 1039 1483 alijs
1070 1441 1188 1472 amicis
1221 1446 1254 1472 et
1277 1440 1495 1483 sequacibus,
1528 1450 1604 1471 cum
1634 1439 1736 1471 certis
1759 1439 1966 1475 Mantuanis,

48 1493 90 1524 20
115 1499 149 1524 et
171 1493 430 1526 Veronensibus
455 1494 498 1525 de
522 1493 676 1535 partibus
700 1493 916 1532 extrinsecis,
943 1503 1020 1525 cum
1043 1503 1169 1536 magno
1193 1499 1340 1526 tractatu
1365 1494 1408 1525 de
1432 1493 1624 1525 intrinsecis
1649 1492 1795 1524 civitatis
1818 1491 1964 1528 Mutine,

113 1557 134 1577 a
158 1547 262 1578 latere
286 1553 384 1588 porte
408 1547 579 1585 Baioarie,
602 1547 661 1579 ubi
684 1552 827 1589 propter
844 1547 975 1579 dictum
992 1553 1173 1579 tractatum
1189 1547 1395 1579 invenerunt
1419 1547 1546 1578 dictam
1569 1552 1704 1588 portam
1730 1551 1964 1581 concavatam‚

114 1599 180 1630 nisi
204 1600 386 1641 quemdam
410 1611 554 1642 parvum
580 1601 827 1638 cathenacium,
852 1600 911 1642 qui
930 1600 1082 1632 clavatus
1107 1606 1179 1631 erat
1194 1600 1230 1631 in
1247 1600 1394 1632 culmine
1419 1606 1530 1641 porte,
1548 1600 1592 1632 de
1617 1609 1685 1642 quo
1702 1598 1767 1641 ipsi
1784 1608 1854 1629 non
1870 1603 1967 1629 erant

114 1651 258 1692 previsi;
282 1657 334 1683 set
358 1652 598 1684 nichilominus
622 1652 817 1694 aperierunt
832 1658 976 1694 portam,
1001 1658 1035 1683 et
1058 1651 1230 1684 intrabant
1253 1663 1273 1684 a
1296 1653 1401 1684 latere
1425 1652 1592 1683 interiori.
1639 1652 1773 1682 Tamen
1807 1650 1964 1681 custodes

113 1703 206 1736 dicte
229 1711 328 1746 porte
360 1705 532 1737 audiendo
566 1712 599 1737 et
623 1704 774 1737 videndo
799 1705 890 1743 talia,
915 1711 1082 1746 ceperunt
1114 1705 1279 1737 clamare:
1305 1705 1488 1747 Auxilium,
1521 1705 1694 1736 auxilium.
1743 1703 1966 1745 Quapropter

48 1755 89 1787 25
115 1757 208 1789 cives
224 1757 315 1789 dicte
333 1758 489 1795 civitatis,
503 1758 634 1790 scilicet
644 1758 695 1790 illi
708 1758 751 1790 de
765 1757 1002 1801 Rangonibus,
1015 1758 1222 1796 Buscheffis,
1236 1764 1270 1790 et
1283 1757 1509 1796 Guidonibus,
1524 1769 1602 1790 cum
1617 1763 1785 1799 potestate
1811 1755 1965 1791 civitatis,

114 1810 172 1852 qui
188 1810 376 1842 vocabatur
393 1811 550 1843 dominus
564 1809 821 1852 [Bernardinus]
835 1811 878 1843 de
895 1810 1040 1842 Polenta
1052 1810 1063 1826 ‘¹
1080 1811 1123 1842 de
1140 1810 1320 1850 Ravenna,
1338 1816 1564 1843 cucurrerunt
1587 1811 1632 1842 ad
1657 1820 1759 1849 arma,
1776 1815 1809 1840 et
1824 1808 1965 1840 viriliter

114 1863 249 1895 iverunt
262 1869 382 1896 contra
405 1864 572 1902 inimicos,
598 1869 632 1896 et
654 1864 862 1906 fugaverunt
886 1873 943 1896 eos
968 1868 1064 1895 extra
1087 1863 1217 1896 dictam
1234 1864 1406 1896 civitatem
1422 1875 1486 1906 per
1502 1864 1579 1896 vim.
1618 1864 1662 1895 Et
1677 1869 1759 1894 tunc
1777 1861 1866 1904 capti
1889 1861 1965 1892 fue-

115 1921 194 1947 runt
217 1915 374 1948 dominus
398 1916 589 1949 Grassonus
612 1915 655 1948 de
681 1916 908 1949 Grassonibus
932 1916 975 1948 de
999 1916 1144 1955 Mutina,
1169 1923 1203 1948 et
1226 1917 1322 1948 multi
1347 1917 1405 1948 alii
1430 1927 1506 1948 cum
1531 1927 1572 1949 eo
1595 1916 1809 1948 Mutinenses
1834 1914 1962 1956 bapniti

115 1969 159 2000 de
184 1968 277 2000 dicta
302 1969 450 2007 civitate,
475 1976 509 2001 et
531 1970 744 2001 Tomaxinus
768 1970 812 2001 de
836 1969 1035 2001 Rambertis
1059 1970 1102 2001 de
1127 1970 1279 2007 Feraria,
1304 1980 1423 2002 ornnes
1446 1970 1601 2012 suspensi
1624 1969 1761 2000 fuerunt
1777 1968 1821 1999 ad
1837 1968 1963 1999 furcas.

49 2021 91 2052 30
203 2021 335 2053 Eodem
358 2021 537 2054 millesimo
551 2021 572 2054 5.
613 2022 742 2054 Gentes
765 2022 900 2064 nepotis
915 2022 1006 2064 regis
1022 2022 1153 2060 Karoli,
1171 2022 1229 2064 qui
1244 2029 1322 2064 post
1345 2029 1488 2054 mortem
1511 2023 1602 2065 regis
1626 2021 1787 2053 remansit
1809 2019 1966 2051 dominus

119 2080 152 2105 et
175 2085 247 2113 rex,
271 2080 305 2106 et
328 2075 429 2106 heres
454 2075 537 2107 dicti
559 2075 650 2118 regis
673 2075 794 2107 Karoli
819 2086 861 2107 ex
883 2085 954 2107 una
975 2081 1084 2117 parte,
1109 2081 1143 2107 et
1164 2082 1286 2118 gentes
1310 2076 1371 2107 filii
1396 2081 1430 2107 et
1454 2074 1589 2108 heredis
1620 2075 1710 2117 regis
1740 2072 1964 2116 Aragonum⁶

116 2137 159 2158 ex
183 2126 300 2164 altera,
326 2127 424 2158 ambe
448 2133 563 2168 partes
588 2128 633 2159 ad
656 2128 841 2158 maximum
864 2127 1012 2169 prelium
1035 2128 1175 2160 fuerunt
1200 2128 1237 2159 in
1260 2128 1346 2160 mari
1354 2140 1363 2166 3
1382 2128 1416 2159 in
1443 2139 1510 2171 quo
1528 2126 1666 2170 quidem
1682 2126 1792 2168 prelio
1811 2125 1877 2157 fuit
1893 2135 1964 2156 ma-

116 2189 185 2221 gna
207 2179 392 2211 mortalitas
416 2181 568 2222 gentium
593 2191 636 2211 ex
659 2186 804 2223 utraque
827 2186 935 2222 parte.
981 2181 1114 2212 Tamen
1138 2181 1172 2211 in
1196 2181 1262 2212 fine
1286 2186 1407 2223 gentes
1422 2181 1513 2223 regis
1528 2180 1727 2222 Aragonum
1744 2178 1964 2211 obtinuerunt

118 2242 285 2274 campum,
310 2238 344 2264 et
367 2232 629 2265 submerxerunt
652 2234 775 2265 multas
798 2244 904 2265 naves
929 2239 963 2265 et
985 2233 1102 2276 galeas
1125 2234 1159 2264 in
1184 2234 1270 2265 mari
1293 2235 1338 2266 de
1369 2233 1527 2277 gentibus
1554 2233 1690 2274 nepotis
1711 2231 1802 2274 regis
1826 2230 1962 2267 Karoli3

55 2283 95 2317 35
121 2290 155 2316 et
177 2285 275 2318 multi
297 2286 474 2327 perierunt
496 2292 617 2324 morte,
643 2292 676 2318 et
700 2286 755 2329 alij
784 2286 877 2328 capti
901 2287 1058 2323 fuerunt3
1076 2286 1120 2318 de
1145 2286 1268 2329 quibus
1292 2287 1402 2329 captis
1426 2285 1598 2318 no'minati
1622 2290 1700 2316 sunt
1723 2293 1838 2316 comes
1862 2283 1964 2316 Flan-

120 2337 181 2369 dre
194 2336 216 2375 ⁷,
242 2348 357 2369 comes
381 2338 496 2370 Guido
521 2339 564 2370 de
588 2339 778 2377 Monforte,
803 2344 838 2370 et
860 2339 955 2370 multi
972 2339 1033 2370 alii
1051 2339 1204 2378 comites,
1226 2345 1261 2371 et
1277 2339 1434 2371 barones,

205 2473 230 2498 6.
245 2475 337 2504 prima
356 2475 386 2497 di
404 2475 534 2507 pervenit
553 2475 613 2498 AB
631 2482 691 2506 agg.
711 2476 740 2499 et
760 2488 792 2492 —
812 2483 835 2508 9.
857 2475 918 2507 filii]
939 2475 1029 2499 filium
1048 2476 1072 2499 A
1091 2490 1122 2493 —
1145 2482 1184 2500 ιο.
1205 2476 1295 2500 iurum
1313 2476 1336 2498 A
1357 2489 1389 2492 —
1413 2475 1452 2499 16.
1472 2475 1527 2498 fuit
1552 2482 1600 2498 om.
1619 2474 1642 2497 Α
1664 2486 1674 2491 -
1692 2474 1727 2498 ad
1745 2473 1849 2497 flatum
1874 2473 1965 2496 mino-

120 2522 181 2538 rum
199 2515 243 2542 B,·
262 2516 298 2540 ad
318 2515 421 2540 fratres
440 2517 563 2541 minores
582 2517 658 2541 Mun,
680 2530 712 2534 —-
734 2524 775 2541 21.
795 2516 887 2550 porte]
908 2517 998 2549 portis
1016 2517 1040 2540 A
1060 2531 1093 2535 —
1114 2523 1156 2542 22.
1176 2519 1206 2541 in
1226 2517 1345 2541 culmine
1363 2516 1457 2548 porte]
1478 2517 1508 2541 in
1528 2516 1649 2540 eulmine
1668 2515 1759 2547 portis
1778 2514 1820 2541 A:
1841 2514 1932 2539 im...
1952 2520 1966 2536 e

119 2556 210 2587 portis
229 2557 270 2583 B:
290 2557 321 2581 in
339 2557 434 2581 eadem
455 2559 538 2589 porta
557 2558 634 2583 Mun.
656 2571 688 2575 —
709 2557 751 2582 26.
771 2558 960 2582 Bernardinus
980 2559 1039 2582 AB
1058 2558 1136 2583 Μυιι.
1155 2559 1241 2582 hanno
1261 2559 1354 2582 lacuna
1370 2571 1401 2575 -—
1417 2565 1457 2590 ²9·
1477 2558 1635 2582 Lambertis
1654 2557 1679 2579 B
1697 2556 1773 2580 Mun.
1795 2570 1827 2573 —-
1842 2562 1883 2586 30.
1903 2556 1966 2586 dopo

118 2599 253 2622 remansit
271 2598 295 2622 A
314 2598 348 2621 Ιια
362 2599 384 2622 le
400 2599 490 2629 parole
509 2601 595 2631 dz'poz'
605 2600 743 2624 cancellata
756 2600 903 2624 dominum
917 2601 945 2624 et
958 2608 1050 2633 regern
1065 2615 1097 2618 —-
1116 2607 1159 2633 31.
1177 2600 1268 2632 heres]
1282 2600 1356 2625 herd.
1369 2601 1392 2623 A
1402 2611 1411 2627 ,·
1426 2600 1555 2625 heredem
1574 2600 1600 2622 B
1612 2613 1645 2617 —
1660 2605 1700 2631 3²·
1715 2599 1795 2622 ambo
1808 2599 1831 2621 A

73 2670 86 2696 5
207 2664 215 2680 ¹
236 2666 443 2691 Castenamare.
1067 2669 1097 2692 di
1116 2669 1237 2693 Modena
1257 2668 1302 2693 nel
1327 2669 1447 2693 secondo
1474 2668 1604 2692 semestre
1623 2667 1761 2691 dell’anno
1785 2667 1861 2696 1287.
1902 2665 1965 2689 Cro-

207 2705 217 2721 ²
237 2711 251 2736 7
271 2708 401 2738 gennaio.
1067 2710 1147 2733 nacke
1166 2711 1283 2734 Baszano
1302 2718 1315 2733 e
1333 2711 1442 2733 Morano
1464 2710 1494 2734 in
1519 2709 1687 2732 Monumentz·
1711 2709 1741 2731 di
1758 2708 1847 2731 storia
1872 2708 1965 2731 Patrsa

206 2746 216 2762 ³
236 2748 276 2772 Fu
294 2749 486 2775 riconosciuto
504 2759 554 2783 per
572 2759 602 2776 re
621 2752 691 2776 delle
712 2751 807 2784 Puglie
824 2759 838 2775 e
857 2758 1014 2775 successore
1064 2755 1114 2782 per
1132 2752 1154 2774 le
1172 2752 1308 2775 Provincia
1327 2752 1472 2779 Modenesi,
1492 2751 1553 2781 XV,
1574 2758 1600 2783 p.
1620 2751 1663 2775 81.
1700 2750 1753 2774 Per
1774 2749 1880 2773 notizie
1904 2749 1965 2772 bio-

118 2789 147 2813 di
167 2789 251 2815 Carlo
271 2789 396 2823 d’Anjou
415 2791 436 2815 il
455 2792 530 2824 figlio
553 2793 729 2826 prigioniero
749 2801 763 2817 e
782 2792 900 2817 durante
920 2792 946 2816 la
966 2799 1015 2816 sua
1068 2793 1187 2825 grafiche
1207 2793 1236 2817 di
1250 2792 1425 2817 Ber-nardino
1440 2793 1474 2817 da
1487 2793 1605 2817 Polenta
1624 2792 1648 2815 si
1667 2791 1702 2815 cf.
1714 2791 1818 2820 ΕΓΗ-Λ,
1836 2790 1966 2821 Famz'glse

118 2831 263 2863 prigionia
282 2831 312 2855 su
333 2833 481 2858 costituito
501 2835 584 2859 Balio
610 2835 655 2859 del
674 2842 762 2867 regno
781 2835 908 2859 Roberto
933 2836 1015 2858 conte
1069 2834 1188 2859 italiam.

61 2878 92 2896 10
118 2872 246 2896 d'Artois
265 2872 378 2897 fratello
399 2875 442 2899 del
463 2876 504 2901 Re
529 2877 559 2901 di
584 2877 711 2907 Francia,
731 2876 947 2901 eou’assistenza
972 2876 1015 2900 del
1159 2874 1170 2890 5
1191 2882 1223 2906 23
1243 2876 1359 2908 giugno.

119 2914 244 2938 cardinal
264 2914 357 2945 iegato
378 2915 524 2942 Gherardo
542 2919 648 2942 Bianco
670 2918 705 2942 da
722 2917 849 2949 Perugia.
1159 2915 1170 2932 ⁶
1190 2917 1334 2942 Giacomo.

210 2954 221 2970 4
236 2956 410 2981 Ber-nardino
424 2959 458 2983 da
472 2960 599 2991 Polenta,
610 2960 688 2992 figlio
702 2961 731 2984 di
744 2959 846 2990 Guido,
857 2960 888 2984 fu
901 2958 1018 2992 podest&
1159 2958 1170 2974 7
1190 2959 1313 2992 Filippo.

1996 2753 2024 2779 15

1996 2964 2030 2981 20

2037 501 2109 521 Mun„
2129 501 2165 520 34¹)
