2307 3592
57 825 93 856 10

58 1087 93 1118 15

53 1352 93 1382 20

54 1616 93 1646 25

51 2146 92 2177 35

53 2410 93 2440 40

61 2938 91 2955 10

121 226 173 261 [A.
194 228 288 260 1325]

752 219 1065 256 CHRONICON
1094 218 1325 254 ESTENSE
1911 217 1957 251 93

207 349 337 380 Eodem
362 349 553 388 millesimo,
579 351 620 382 de
645 359 760 381 mense
782 348 868 391 julii.
893 348 1122 386 Ferarienses‚
1147 347 1325 379 Mantuani
1350 352 1383 378 et
1407 347 1626 378 Veronenses
1651 357 1768 378 omnes
1785 346 1959 389 conligati,

120 414 195 434 cum
219 403 366 433 maximo
392 403 516 434 navilio
540 404 675 434 iverunt
698 412 800 444 super
823 401 1018 433 comitatum
1042 401 1229 439 Placentie‚
1254 400 1312 432 ubi
1337 402 1516 431 maximum
1542 400 1689 441 dapnum
1715 400 1882 432 fecerunt.

206 455 335 487 Eodem
359 455 537 487 millesimo
562 462 597 487 et
620 465 746 487 mense.
772 455 936 486 Dominus
960 453 1063 486 Canis
1087 454 1130 484 de
1146 453 1180 484 la
1197 453 1310 492 Scala,
1336 453 1493 485 dominus
1509 452 1618 495 Obico
1636 453 1789 484 marchio
1806 453 1958 490 estensis,

119 508 274 540 dominus
297 508 494 539 Passarinus
518 509 562 540 de
579 507 721 539 Mantua
738 508 872 539 iverunt
888 518 965 539 cum
980 507 1126 538 maximo
1143 507 1294 538 exercitu
1312 507 1406 538 circa
1423 512 1568 538 castrum
1586 505 1711 537 Sassoli
1725 505 1732 521 ¹
1751 506 1784 536 in
1802 505 1958 537 districtu

118 561 250 593 Mutine
269 560 302 591 in
320 560 521 598 obsedione3
547 566 580 593 et
604 560 721 592 bellati
745 566 822 592 sunt
846 564 1004 598 castrum,
1028 559 1088 591 ubi
1112 559 1208 591 multi
1232 559 1355 591 mortui
1378 566 1464 591 sunt.
1511 559 1550 590 In
1574 559 1641 590 fine
1661 558 1789 590 dictum
1815 565 1959 590 castrum

120 613 321 645 habuerunt.

205 666 336 697 Eodem
366 665 556 704 millesimo,
588 666 631 697 de
662 675 780 697 mense
811 664 1021 707 septembris.

118 719 273 751 Ferrarie
286 718 307 750 ‘·‘.

207 771 339 803 Eodem
363 771 541 804 millesimo
566 777 600 803 et
622 781 749 803 mense.
774 771 941 803 Dominus
964 770 1163 802 Passarinus
1188 771 1232 802 de
1255 770 1408 808 Mantua,
1427 770 1584 802 dominus
1602 769 1706 802 Canis
1723 771 1766 802 de
1791 771 1824 801 la
1849 770 1962 808 Scala,

118 830 284 855 venerunt
308 824 500 856 Ferrariam
525 834 600 855 cum
624 824 769 855 maxima
793 824 982 865 quantitate
999 823 1152 866 gentium
1177 823 1385 865 equestrium
1410 829 1442 854 et
1466 823 1593 854 navilio
1618 823 1662 854 ad
1686 823 1962 865 desponsandum

118 876 332 918 magnificam
349 882 383 908 et
400 878 523 908 claram
541 876 712 908 dominam
737 877 908 908 dominam
932 877 1080 919 Ylycem
1106 886 1259 908 sororem
1274 875 1487 908 dominorum
1504 875 1748 907 Marchionum
1772 876 1963 914 estensium,

117 929 247 962 scilicet
271 930 458 972 Raynaffli,
483 936 516 961 et
541 930 702 972 Obiconis
726 930 869 960 fratrum
893 928 1102 961 estensium:'
1127 935 1268 971 propter
1283 929 1376 971 quod
1400 939 1524 971 magna
1548 929 1644 960 curia
1666 929 1758 960 facta
1782 934 1833 960 est
1856 928 1889 960 in
1915 929 1963 960 ci-

117 982 218 1014 vitate
243 982 411 1014 Ferrarie.
458 983 594 1014 Deinde
618 983 857 1014 conduxerunt
881 982 1008 1014 dictam
1033 982 1204 1014 dominam
1228 982 1406 1014 Mantuam
1429 981 1629 1013 honorifice.
1676 982 1781 1014 Curia
1806 982 1963 1014 Ferrarie

118 1035 288 1076 prohibita
312 1041 363 1066 est
385 1041 529 1076 propter
553 1041 696 1067 mortem
721 1035 928 1066 nobilissime
953 1034 1091 1066 domine
1116 1035 1252 1066 domine
1285 1033 1375 1066 Alde
1408 1035 1523 1066 matris
1548 1034 1717 1066 dictorum
1750 1034 1964 1066 dominorum

120 1086 370 1126 Marchionum,
394 1098 460 1129 que
485 1087 652 1119 defuncta
676 1093 748 1118 erat
772 1087 807 1117 in
832 1087 898 1118 illis
923 1087 1053 1125 diebus,
1078 1098 1144 1128 que
1169 1087 1282 1118 fuerat
1308 1088 1352 1119 de
1376 1086 1613 1129 Rangonibus,
1637 1092 1675 1118 ut
1698 1097 1810 1128 supra.

205 1140 338 1172 Eodem
363 1140 541 1172 millesimo
567 1146 599 1172 et
623 1150 739 1171 mense
753 1139 774 1171 ³.
800 1140 967 1172 Conflicta
990 1146 1041 1171 est
1056 1149 1142 1183 gens
1166 1139 1442 1172 Florentinorum
1467 1141 1510 1171 acl
1535 1140 1660 1177 locum,
1678 1140 1736 1181 qui
1760 1140 1884 1172 dicitur
1901 1140 1961 1171 Al-

117 1193 288 1234 topascius
301 1192 312 1208 ‘¹
336 1193 370 1224 in
393 1193 531 1232 Tuscia,
556 1204 576 1224 a
601 1193 739 1224 domino
756 1193 957 1225 Castruccio
974 1193 1112 1224 domino
1130 1192 1291 1224 Pixarum
1309 1199 1373 1224 etc.
1422 1191 1492 1229 Qui
1508 1191 1666 1223 dominus
1682 1192 1879 1224 Castrucius
1896 1204 1963 1224 una

120 1255 196 1276 cum
221 1245 358 1277 domino
382 1244 523 1287 Accone
547 1245 758 1277 Vicecomite
784 1245 852 1276 filio
878 1245 1006 1288 Galeac
1031 1245 1253 1277 Vicecomitis
1278 1256 1354 1277 cum
1380 1245 1472 1276 circa
1488 1248 1569 1276 vmc
1586 1245 1747 1276 militibus
1765 1246 1809 1278 de
1833 1246 1911 1283 suis,
1930 1251 1963 1277 et

116 1297 275 1340 gentibus
300 1298 428 1330 domini
452 1298 640 1330 Castruccii
666 1298 767 1329 etiam
791 1297 1012 1330 existentibus
1035 1299 1070 1329 in
1102 1298 1195 1330 dicto
1227 1298 1324 1335 10c0;
1350 1304 1384 1330 et
1407 1308 1448 1330 ex
1473 1298 1539 1329 alia
1561 1304 1657 1339 parte
1685 1298 1842 1330 dominus
1865 1299 1961 1342 Ray-

118 1350 262 1382 mundus
286 1351 329 1382 de
354 1351 514 1383 Cardono
539 1351 708 1392 generalis
734 1351 931 1392 capitaneus
955 1351 1107 1394 gentium
1132 1351 1417 1390 Florentinorum,
1451 1356 1486 1382 et
1516 1361 1651 1381 suarum
1683 1351 1846 1393 gentium,
1879 1362 1963 1393 quas

117 1414 194 1435 cum
218 1414 259 1436 eo
285 1404 505 1441 conduxerat,
530 1404 574 1435 ad
598 1404 744 1435 invicem
769 1404 924 1445 predicte
947 1410 1061 1446 partes
1084 1403 1219 1445 preliati
1236 1409 1313 1435 sunt
1330 1404 1374 1435 de
1399 1403 1520 1445 quibus
1537 1414 1580 1434 ex
1597 1409 1741 1446 utraque
1758 1410 1856 1445 parta
1872 1415 1962 1436 mor-

119 1457 165 1488 tui
190 1463 224 1489 et
248 1457 338 1499 capti
361 1462 448 1488 sunt.
496 1457 629 1488 Tamen
661 1456 694 1488 in
725 1457 791 1488 fine
818 1456 1013 1489 Castrucius
1046 1467 1123 1488 cum
1155 1457 1293 1489 domino
1317 1455 1458 1499 Accone
1485 1467 1642 1498 campum
1675 1456 1904 1495 obtinuerunt,
1930 1463 1964 1489 et

118 1515 237 1551 captos
262 1510 502 1542 conduxerunt
525 1509 559 1540 in
586 1509 781 1541 carceribus
805 1509 886 1541 dicti
903 1509 1109 1547 Castruccii3
1129 1515 1162 1541 et
1185 1515 1262 1551 post
1286 1509 1352 1540 hec
1376 1509 1410 1540 in
1435 1508 1580 1551 despetu
1605 1509 1883 1541 Florentinorum
1908 1511 1960 1542 fe-

118 1569 238 1594 cerunt
263 1562 352 1594 curri
377 1561 516 1604 pallium
541 1567 618 1593 ante
642 1568 756 1603 portas
781 1562 929 1594 civitatis
953 1562 1128 1594 Florentie
1154 1568 1220 1594 etc.

205 1616 339 1648 Eodem
363 1615 541 1646 millesimo
566 1615 609 1645 de
633 1626 747 1646 mense
773 1615 977 1647 novembris.
1024 1615 1190 1647 Dominus
1213 1615 1414 1647 Passarinus
1437 1615 1479 1646 de
1504 1614 1704 1647 Bonacosiis
1736 1617 1780 1647 de
1810 1616 1964 1654 Mantua,

118 1669 274 1701 dominus
296 1668 437 1700 Mantue
471 1674 504 1699 et
534 1668 679 1705 Mutine,
703 1668 841 1709 accepit
865 1674 1012 1700 castrum
1036 1667 1283 1711 Montisvegli⁵
1314 1667 1600 1700 Bononiensibus.
1646 1668 1727 1700 Post
1759 1669 1824 1701 hec
1851 1669 1965 1701 Bono—

118 1722 252 1754 nienses
277 1721 487 1754 obsederunt
512 1720 641 1753 dictum
667 1727 814 1752 castrum
839 1731 915 1752 cum
942 1721 1107 1753 exercitu.
1154 1721 1322 1752 Dominus
1346 1721 1547 1753 Passarinus
1571 1721 1723 1764 undique
1757 1723 1963 1754 convocavit

117 1775 253 1813 amicos,
278 1774 411 1807 scilicet
435 1774 592 1805 dominus
616 1773 743 1806 Canem
769 1774 811 1806 de
837 1774 868 1805 la
893 1774 1006 1812 Scala,
1031 1774 1188 1806 dominos
1205 1773 1425 1806 Marchiones
1442 1779 1604 1812 estenses‚
1622 1774 1680 1816 qui
1699 1775 1827 1806 domini
1845 1775 1963 1807 incon-

117 1828 238 1860 tinenti
262 1827 397 1859 iverunt
419 1827 598 1859 Mantuam
620 1827 655 1858 in
681 1827 750 1858 eius
774 1827 927 1859 subsidio
954 1837 1030 1858 cum
1054 1828 1201 1858 maxima
1225 1828 1415 1869 quantitate
1439 1827 1593 1870 gentium
1614 1828 1821 1870 equestrium
1846 1834 1879 1859 et
1903 1839 1963 1869 pe-

117 1881 235 1912 ditum.
281 1881 381 1911 Tunc
407 1880 564 1911 dominus
588 1879 786 1911 Passarinus
810 1879 929 1911 volens
953 1880 1114 1911 honorari
1139 1880 1313 1912 dominum
1337 1879 1571 1912 marchionem
1596 1880 1816 1923 Raynaldum
1849 1887 1962 1913 esten-

117 1944 198 1972 sem,
223 1933 279 1975 qui
295 1933 341 1965 ibi
359 1931 565 1971 adcesserat,
589 1933 730 1964 tradidit
748 1933 779 1964 ei
796 1932 995 1964 banderiam
1012 1932 1121 1964 sancti
1139 1932 1279 1974 Imperii
1297 1932 1330 1963 in
1347 1933 1417 1964 eius
1434 1933 1588 1964 custodia
1595 1945 1604 1970 3
1630 1939 1664 1965 et
1679 1943 1740 1974 per
1756 1933 1871 1975 plures
1889 1934 1964 1966 dies

116 1986 164 2018 ibi
187 1991 456 2027 permanserunt.
502 1985 639 2017 Deinde
663 1991 879 2017 recesserunt
903 1995 1021 2016 omnes
1045 1986 1088 2017 de
1112 1985 1255 2017 Mantua
1281 1996 1356 2017 cum
1381 1986 1551 2027 triumpho
1569 1986 1720 2028 equitum
1745 1992 1779 2018 et
1794 1987 1961 2028 peditum,

116 2045 149 2071 et
172 2040 306 2071 iverunt
329 2038 503 2071 civitatem
527 2039 672 2076 Mutine,
698 2038 756 2070 ubi
780 2044 886 2070 totum
910 2038 1064 2070 exercitu
1088 2039 1299 2075 munierunt3
1325 2045 1359 2070 et
1374 2038 1422 2071 ibi
1446 2039 1677 2080 expectabant
1700 2038 1876 2083 Acconem
1900 2040 1963 2072 Vi-

117 2092 319 2124 cecomitem
343 2103 421 2125 cum
445 2092 512 2123 suis
536 2091 706 2130 militibus,
731 2092 790 2134 qui
815 2092 858 2123 de
875 2092 1005 2123 Tuscia
1021 2091 1188 2123 veniebat.
1235 2092 1369 2123 Tamen
1387 2092 1544 2124 dominus
1561 2092 1664 2124 Canis
1680 2103 1750 2125 non
1773 2093 1861 2125 bene
1887 2099 1960 2125 erat

117 2145 246 2177 amicus
271 2145 400 2177 domini
425 2144 555 2188 Galeac
578 2145 802 2177 Vicecomitis
824 2145 930 2186 patris
955 2144 1040 2176 dicti
1064 2144 1233 2187 Acconis:
1269 2151 1476 2187 quapropter
1506 2145 1616 2177 noluit
1648 2146 1823 2186 expectari
1856 2146 1964 2178 domi-

116 2209 196 2230 num
219 2197 410 2241 Acconem3
433 2207 548 2242 ymmo
571 2198 713 2230 recessit
737 2199 781 2230 de
813 2197 947 2230 Mutina
974 2204 1007 2229 et
1037 2198 1160 2230 redivit
1190 2198 1375 2230 Veronam.
1421 2198 1586 2230 Dominus
1616 2198 1814 2230 Passarinus
1844 2210 1962 2241 perso-

117 2251 239 2283 naliter
263 2250 442 2283 adsotiavit
466 2261 542 2282 eum
566 2261 674 2293 usque
697 2251 786 2282 ultra
810 2251 998 2288 Mantuam,
1017 2250 1143 2283 deinde
1160 2251 1284 2282 redivit
1300 2250 1480 2283 Mutinam.
1529 2250 1669 2282 Interim
1691 2252 1847 2283 dominus
1863 2253 1962 2295 Acco

116 2304 290 2345 predictus
313 2304 469 2345 pervenit
493 2304 663 2336 Mutinam
682 2315 758 2336 cum
782 2307 863 2334 V111e
887 2303 1051 2335 militibus
1067 2304 1284 2336 theotonicis.
1331 2303 1566 2336 Incontinenti
1584 2304 1740 2336 dominus
1760 2303 1964 2348 Raynaldus

117 2356 282 2393 marchio,
306 2362 478 2398 tamquam
503 2356 702 2398 capitaneus
725 2356 905 2400 generalis,
931 2367 1007 2388 cum
1031 2362 1103 2388 toto
1127 2355 1281 2388 exercitu
1305 2355 1444 2388 recessit
1468 2356 1511 2387 de
1536 2356 1680 2394 Mutina,
1700 2363 1734 2388 et
1750 2357 1885 2389 iverunt
1901 2358 1963 2389 Vi-

116 2409 253 2452 gnolam
278 2414 427 2441 castrum
450 2409 704 2448 Mutinensium‚
729 2409 823 2451 quod
846 2408 1069 2451 possidebant
1093 2408 1221 2441 inimici
1238 2408 1367 2440 domini
1383 2408 1568 2447 Passarini‚
1586 2414 1619 2440 et
1634 2409 1681 2440 ibi
1698 2409 1846 2441 firmavit
1866 2420 1964 2442 exer-

1068 665 1245 706 Inceptum
1277 665 1343 696 fuit
1374 664 1633 696 fundamentum
1666 664 1784 707 palatii
1807 665 1962 696 comunis

206 2526 231 2550 6.
250 2527 407 2551 habuerunt
426 2527 520 2556 MUR.;
540 2535 588 2550 om.
602 2527 625 2549 A
637 2527 661 2549 B
680 2541 712 2544 —
728 2532 750 2558 7.
766 2526 809 2550 nel
828 2526 946 2558 margine
966 2527 996 2549 di
1013 2527 1122 2550 sinistra
1137 2527 1166 2549 in
1178 2526 1202 2549 A
1214 2535 1222 2550 .-
1237 2526 1383 2557 Inceptum
1396 2527 1439 2550 est
1452 2524 1666 2550 fundamentum
1686 2525 1786 2558 palacii
1806 2526 1963 2550 communis

118 2568 244 2592 Ferrarie
259 2582 290 2586 —
305 2576 329 2600 9.
343 2569 405 2599 dopo
419 2568 534 2593 Mantua
548 2569 624 2593 Mun,
639 2575 698 2600 agg.
713 2570 741 2592 et
754 2582 786 2586 -—-
804 2572 842 2599 ις.
857 2575 908 2600 que
920 2567 1014 2592 fuerat
1027 2568 1060 2592 de
1080 2568 1262 2599 Raugonibus
1276 2568 1305 2591 ut
1323 2574 1408 2598 supra
1422 2568 1450 2590 in
1464 2567 1487 2591 Α
1501 2574 1562 2599 agg.
1575 2568 1609 2590 da
1623 2567 1694 2591 altra
1707 2575 1782 2591 mano
1795 2581 1827 2584 —
1849 2566 1890 2591 26.
1910 2569 1963 2592 Bo-

119 2609 314 2641 noniensibus]
334 2611 522 2634 Bononiensis
535 2610 613 2635 MUR.
630 2624 661 2627 —
676 2616 718 2641 30.
732 2611 871 2634 honorare
887 2611 962 2634 Mna.
984 2623 1016 2627 —
1037 2617 1080 2642 3¹·
1099 2610 1189 2633 sancti
1203 2609 1246 2636 A:
1266 2609 1337 2633 sacri
1357 2609 1434 2634 Mun.
1456 2622 1489 2626 —
1504 2608 1544 2639 36.
1559 2608 1675 2640 redivit]
1689 2609 1831 2633 redierunt
1844 2609 1869 2632 B
1882 2609 1960 2634 MUR.

1067 2682 1123 2705 tav.
1144 2681 1168 2705 8.

1155 2720 1166 2737 3
1187 2729 1218 2754 23
1248 2722 1396 2746 settembre
1428 2727 1503 2753 1325.
1528 2722 1701 2748 MURATORI,
1728 2721 1830 2744 Annali
1853 2721 1961 2746 d‘Italia

204 2678 212 2694 ¹
233 2679 364 2704 Sassuolo
384 2688 399 2704 a
422 2686 450 2711 13
470 2681 518 2704 kil.
537 2680 607 2706 S-O.
626 2681 661 2705 da
682 2681 812 2705 Modena.

203 2720 214 2736 ‘³
233 2721 256 2745 Η
274 2721 383 2754 palazzo
396 2723 543 2746 comnnale
557 2723 587 2747 di
600 2723 718 2747 Feri-ara
737 2722 767 2746 fu
787 2723 936 2754 compluto
955 2722 1012 2747 nel-

116 2763 209 2787 l‘anno
232 2762 296 2794 1326
310 2771 387 2787 come
402 2765 500 2788 risulta
519 2764 589 2789 dalla
603 2766 733 2796 seguente
747 2764 910 2788 iscrizione:
924 2764 940 2795 γ’·
954 2770 1011 2788 Hoc

118 2811 268 2829 PALACWM
287 2812 389 2829 FATVM
414 2812 484 2830 err
509 2813 648 2830 TEMPORE
675 2813 734 2835 QVO
763 2812 840 2829 ERAT
866 2812 1010 2830 POTESTAS

117 2853 265 2871 CIVITATIS
279 2854 406 2872 FERARIE
420 2855 475 2871 PRO
491 2854 627 2872 EGREGHS
646 2855 682 2872 ET
695 2854 869 2872 MAGNlPICIS
884 2854 1011 2872 DOMINIS

117 2894 242 2912 DOMINIS
256 2894 403 2912 RAINALDO
418 2896 453 2913 ET
466 2895 591 2913 OBIZONE
605 2895 826 2913 MARCHIONIBVS
838 2895 1010 2913 ESTENSIBVS

117 2935 231 2953 NOBILIS
244 2936 293 2953 VIR
308 2936 442 2954 DOMINVS
457 2936 628 2955 GALLAOTVS
640 2938 678 2954 DE
696 2937 803 2955 MADHS
817 2937 893 2954 CIV1S
909 2937 1010 2954 BRIXIE

118 2978 176 2996 Ano
194 2978 344 2997 mcccxxw
362 2978 520 2996 1ND1C10N13
541 2978 620 2997 vnn.
640 2972 686 2997 Cf.
705 2973 815 3003 szzr,
835 2975 874 3003 op.
894 2974 950 3000 cit„
973 2972 1008 3003 ΙΙ,

1065 2764 1100 2788 ad
1119 2771 1141 2788 a.

1153 2805 1162 2821 ⁴
1181 2807 1355 2837 Altopasci0‚
1375 2814 1407 2830 su
1426 2806 1539 2830 l'antica
1560 2806 1615 2829 Via
1634 2806 1792 2829 Francesca.

1153 2847 1163 2863 ⁵
1183 2849 1374 2880 Monteveglio
1396 2856 1411 2871 a
1436 2855 1468 2871 20
1493 2849 1540 2872 kil.
1561 2848 1595 2872 O.
1620 2848 1653 2871 da
1680 2848 1816 2879 Bologna.
1853 2848 1960 2876 Questo

1062 2890 1174 2913 castello
1194 2889 1225 2913 fu
1245 2896 1325 2921 preso
1345 2890 1391 2913 dai
1407 2890 1552 2913 Modenesi
1571 2889 1714 2913 coll'aiuto
1734 2889 1763 2913 di
1783 2889 1876 2913 alcuni
1891 2890 1960 2913 esuli

1063 2932 1215 2962 Bolognesi
1229 2933 1256 2955 ai
1271 2937 1303 2961 29
1318 2931 1345 2955 di
1359 2931 1518 2956 settembre.
1533 2930 1578 2955 Cf.
1594 2932 1782 2960 Tnmssosem,
1797 2930 1876 2955 ,Me-711.
1890 2931 1958 2955 Stor.

1063 2973 1146 3000 Allod„
1166 2972 1201 3003 Π,
1224 2979 1282 3003 215.

2040 944 2058 958 c.
2074 943 2121 962 7<7v
