2307 3592
118 248 169 284 [A·
189 251 282 284 1308]
539 254 544 259 ·
755 242 1062 279 CHRONICON
1092 241 1324 278 ESTENSE
1905 236 1952 271 69

119 373 215 404 nium
238 372 386 405 civitatis
409 373 438 404 F
439 373 550 404 erarie
575 373 675 404 dictis
699 372 862 404 fratribus
886 372 954 403 suis
970 381 1011 402 ac
1036 371 1139 402 etiam
1162 370 1310 405 heredes
1323 368 1544 400 universales.
1575 367 1701 398 Postea
1717 366 1805 398 sicut
1827 365 1957 407 placuit

118 426 205 464 Deo,
224 425 351 457 clauxit
375 425 411 456 in
436 426 591 458 estremis
607 426 642 457 in
659 426 751 457 dicta
773 431 865 457 terra
882 425 925 456 de
943 425 1004 456 Est
1021 424 1078 455 die
1096 423 1215 455 ultimo
1233 422 1358 454 mensis
1374 421 1518 453 ianuarii
1536 420 1578 452 de
1595 426 1715 455 nocte;
1733 425 1767 450 et
1789 418 1958 460 sepultum

120 488 246 520 corpus
269 478 342 509 eius
366 478 555 510 honorifice
579 478 624 510 ad
647 478 760 509 locum
786 477 913 509 Sancte
937 477 1048 520 Tegle
1073 476 1107 507 in
1131 482 1224 508 terra
1249 476 1292 506 de
1316 475 1387 506 Est.
1426 474 1551 505 Postea
1574 473 1698 504 fratres
1719 471 1961 503 Predicatores

120 535 330 571 acceperunt
355 541 480 572 corpus
503 542 600 562 suum
627 538 661 562 et
692 530 929 562 conduxerunt
952 530 996 561 ad
1021 529 1195 560 civitatem
1219 527 1377 559 Ferrarie
1401 527 1445 558 ad
1469 528 1607 558 domum
1631 525 1773 556 fratrum
1797 523 1961 555 Predica-

78 582 95 614 5
121 590 242 621 torum,
267 583 325 615 ubi
348 583 421 625 ipse
445 589 506 622 est,
530 583 587 614 die
612 584 723 625 primo
747 582 929 619 februarii;
954 582 1049 624 cujus
1071 582 1185 613 anima
1201 580 1395 623 requiescat
1411 580 1447 610 in
1470 589 1568 621 pace.

207 636 337 668 Eodem
361 641 514 677 tempore
540 641 573 667 et
597 635 777 667 millesimo
794 634 851 667 die
874 635 986 677 primo
1010 634 1185 666 februarii.
1233 633 1320 665 Cum
1345 638 1425 664 nota
1448 632 1568 663 fuisset
1591 629 1848 663 Ferariensibus
1871 639 1960 660 mors

121 688 249 720 domini
276 688 484 720 marchionis
506 687 667 730 AcconiS,
692 688 923 720 incontinenti
948 687 1198 719 constituerunt
1215 687 1251 717 in
1269 696 1386 718 eorum
1403 685 1588 723 dominum,
1606 683 1781 715 dominum
1798 683 1961 714 Frescum

118 740 315 784 predictum
338 741 445 772 filium
469 741 542 772 eius
566 741 755 772 naturalem
785 747 850 773 etc.

206 794 340 826 Eodem
363 792 557 825 millesimo'
582 799 616 825 et
639 804 766 825 mense,
813 794 979 825 Dominus
995 793 1209 830 Franciscus‚
1228 791 1385 824 dominus
1401 791 1604 834 Raynaldus
1619 788 1838 821 marchiones
1854 794 1887 820 et
1902 797 1962 818 ne-

60 848 96 878 10
121 852 220 888 potes
243 846 388 888 predicti
412 846 624 878 marchionis
648 845 798 889 Acconis
831 853 865 878 et
895 846 953 877 filii
986 846 1194 878 marchionis
1225 843 1478 876 Aldrovandini
1510 843 1652 875 estensis
1675 847 1839 874 venerunt
1861 851 1963 882 super

120 899 324 931 Pollicinum
337 897 484 941 Rodigii
501 899 546 930 ad
562 904 688 930 terram
703 899 828 930 Fracte
846 904 878 931 et
895 899 1062 940 palatium
1078 898 1217 929 illorum
1230 899 1272 929 de
1290 898 1414 929 Fracta
1430 896 1624 941 munierunt
1639 905 1702 937 pro
1727 895 1776 926 eis
1801 900 1834 926 et
1857 894 1963 925 intro-

120 952 285 984 miserunt
309 951 474 993 quosdam
498 962 576 983 suos
600 951 752 988 amicos3
778 957 812 983 et
830 956 1045 983 recesserunt
1062 956 1095 982 et
1118 950 1254 982 iverunt
1272 949 1463 991 Arquatam
1477 950 1485 966 ¹
1504 949 1538 979 in
1562 958 1685 991 magna
1702 947 1870 983 fortilitia,
1895 956 1961 988 que

120 1004 169 1036 ibi
183 1009 265 1042 erat,
279 1010 312 1036 et
327 1003 377 1036 ibi
394 1009 568 1036 steterunt.
615 1004 781 1036 Dominus
798 1004 826 1035 F
828 1015 944 1036 rescus
960 1004 1107 1036 audieus
1119 1003 1197 1042 hoc,
1216 1002 1313 1034 mixit
1329 1002 1518 1034 exercitum
1534 1011 1693 1043 magnum
1709 999 1916 1042 equestrium
1933 1004 1966 1030 et

120 1057 331 1099 pedestrium
349 1067 427 1088 cum
439 1057 580 1099 navigio
604 1062 676 1089 toto
693 1058 737 1089 ad
770 1057 897 1089 dictam
921 1063 1047 1088 terram
1065 1058 1206 1093 Fracte;
1231 1062 1264 1087 et
1288 1055 1336 1087 ibi
1361 1055 1533 1087 exercitus
1556 1054 1743 1096 permansit
1760 1063 1823 1094 per
1846 1052 1962 1094 plures

60 1109 97 1142 15
123 1110 206 1143 dies.
231 1110 332 1141 Tunc
355 1110 509 1141 marchio
533 1110 738 1142 Franciscus
757 1121 834 1142 cum
850 1110 971 1152 paucis
986 1110 1054 1142 suis
1070 1119 1139 1141 uno
1163 1118 1263 1140 mane
1279 1107 1452 1140 venerunt'
1477 1108 1520 1139 ad
1537 1107 1664 1139 dictam
1681 1112 1806 1139 terram
1830 1106 1963 1141 Fracte,

121 1163 180 1195 ubi
203 1169 276 1195 erat
299 1163 468 1194 exercitus
492 1163 622 1194 domini
647 1163 800 1201 Freschi,
826 1163 885 1206 qui
910 1163 1068 1195 dominus
1091 1163 1118 1194 F
1121 1162 1298 1194 ranciscus
1322 1172 1399 1193 cum
1423 1161 1493 1192 suis
1516 1159 1740 1192 clamantibus
1764 1159 1832 1190 alta
1854 1167 1960 1190 voce:

122 1216 318 1248 Moriantzar
334 1216 394 1248 isti
414 1216 606 1257 traditores,
631 1216 774 1248 viriliter
797 1216 964 1258 percussit
988 1226 1056 1248 eos.
1105 1215 1166 1247 Set
1190 1214 1254 1254 illi,
1279 1214 1335 1257 qui
1361 1220 1457 1246 erant
1486 1213 1546 1251 ibi,
1571 1213 1643 1244 sine
1675 1212 1790 1254 aliqua
1818 1211 1965 1247 ratione,

122 1268 175 1300 vel
201 1279 316 1308 causa,
339 1269 460 1311 fugam
483 1269 711 1311 arripuerunt,
736 1269 811 1301 sine
836 1268 1047 1306 defensione,
1073 1274 1107 1300 et
1137 1269 1300 1310 fugerunt
1330 1267 1418 1298 ultra
1440 1272 1591 1308 pontem,
1616 1265 1674 1307 qui
1711 1270 1760 1297 est
1783 1275 1884 1306 super
1908 1273 1966 1294 ca-

121 1322 215 1359 nale3
240 1328 273 1353 et
296 1322 385 1353 sicut
408 1321 538 1363 placuit
561 1322 647 1360 Deo,
678 1333 766 1364 pons
797 1322 901 1365 fregit
931 1333 977 1361 se,
1010 1322 1056 1353 ita
1088 1321 1182 1364 quod
1206 1330 1334 1359 omneS,
1358 1320 1416 1362 qui
1447 1329 1547 1361 super
1570 1324 1676 1357 erant,
1707 1317 1908 1350 ceciderunt
1932 1316 1968 1346 in

57 1375 98 1406 20
122 1385 210 1418 aqua
234 1381 267 1407 et
290 1384 408 1407 omnes
431 1375 619 1416 perierunt,
645 1382 678 1407 et
702 1375 825 1406 mortui
851 1381 885 1408 et
909 1375 1000 1417 capti
1024 1375 1165 1406 fuerunt
1188 1373 1349 1416 Rigettus
1373 1372 1416 1404 de
1440 1372 1589 1404 Medicis
1620 1371 1663 1403 de
1688 1370 1855 1409 Ferraria,
1883 1369 1968 1400 Por-

122 1433 244 1460 catexa
269 1428 312 1460 de
335 1426 565 1460 Beccatellis2
590 1428 634 1459 de
661 1428 830 1467 Bononia,
854 1428 1080 1460 Bastardinus
1112 1429 1155 1459 de
1186 1426 1339 1469 Rodigio
1372 1427 1415 1458 de
1448 1425 1549 1456 domo
1581 1424 1726 1463 Estensi,
1756 1424 1969 1466 Bagaroctus

124 1481 167 1512 de
191 1480 349 1512 Bononia
372 1490 449 1511 cum
472 1480 629 1522 pluribus
652 1480 743 1519 aliis3
768 1486 801 1512 et
825 1481 890 1512 fuit
915 1487 1034 1522 captus
1058 1480 1214 1513 dominus
1245 1478 1448 1522 Raynaldus
1477 1479 1519 1510 de
1543 1477 1716 1510 Marcaria
1738 1487 1759 1508 a
1782 1475 1878 1508 dicto
1907 1474 1969 1506 do-

123 1533 214 1566 mino
231 1533 417 1566 Francisco
442 1539 476 1565 et
499 1534 690 1566 conductus
712 1533 913 1576 Arquatam‚
937 1534 996 1566 ubi
1020 1538 1094 1565 erat
1110 1532 1315 1576 Raynaldus
1331 1532 1484 1563 marchio
1509 1537 1627 1573 captus
1652 1541 1729 1562 cum
1746 1529 1860 1560 multis
1883 1528 1968 1559 aliis.

125 1585 195 1624 Qui
218 1586 374 1618 dominus
398 1586 602 1629 Raynaldus
625 1587 750 1618 iuravit
774 1587 819 1618 ad
849 1593 967 1619 sancta
998 1587 1063 1618 Dei
1088 1586 1279 1629 evangelia,
1312 1585 1340 1616 si
1373 1584 1531 1616 dominus
1562 1583 1766 1616 Franciscus
1789 1582 1971 1624 permicte-

59 1638 99 1670 25
125 1645 175 1671 ret
200 1649 277 1670 eum
299 1640 351 1671 ire
375 1639 577 1677 Ferrariam,
601 1641 695 1682 quod
719 1639 832 1671 taliter
856 1639 1031 1672 ordinaret
1054 1650 1132 1671 cum
1157 1639 1297 1671 domino
1321 1639 1349 1670 F
1352 1637 1488 1675 errarie,
1512 1637 1603 1680 quod
1626 1635 1811 1668 vindictam
1836 1635 1972 1666 adsum-

125 1698 233 1724 meret
255 1691 301 1723 de
323 1691 463 1724 domino
489 1691 690 1724 Guillielmo
708 1693 752 1724 de
769 1691 942 1732 Baldaria,
960 1693 1028 1735 qui,
1046 1693 1219 1734 quondam
1236 1691 1375 1723 intimus
1391 1689 1586 1722 consiliator
1601 1689 1749 1730 predicti
1764 1687 1970 1719 marchionis

124 1744 277 1788 Acconis
303 1745 454 1784 estensis,
479 1745 593 1777 fuerat
617 1751 650 1777 et
675 1752 747 1777 erat
763 1745 924 1777 inimicus
947 1745 1033 1777 dicti
1050 1745 1179 1777 domini
1196 1745 1224 1776 F
1226 1743 1373 1776 rancisci
1397 1742 1621 1779 marchionis:
1646 1747 1790 1783 propter
1806 1742 1872 1772 hoc
1896 1740 1970 1781 ipse

124 1798 259 1830 climixit
284 1809 362 1830 eum
385 1798 434 1829 ire
459 1798 652 1830 Ferrariam
666 1811 674 1835 3
712 1804 746 1830 et
780 1799 894 1831 dictus
929 1798 1087 1830 dominus
1124 1798 1271 1829 Frescus
1303 1797 1425 1828 iterum
1449 1796 1546 1827 mixit
1574 1794 1763 1827 exercitum
1787 1804 1882 1825 suum
1905 1792 1971 1824 Ar-

124 1855 273 1892 quatam,
296 1849 355 1881 ubi
378 1854 451 1881 erat
475 1849 633 1881 dominus
657 1850 685 1881 F
687 1850 862 1881 ranciscus
887 1856 921 1882 et
945 1848 1149 1893 Raynaldus
1165 1848 1392 1886 marchiones,
1416 1847 1474 1889 qui
1497 1851 1637 1888 propter
1653 1846 1782 1877 famem
1798 1845 1969 1886 relinque-

60 1902 102 1933 30
125 1908 204 1934 runt
227 1902 420 1942 fortilicias,
444 1908 478 1933 et
503 1902 639 1934 iverunt
661 1903 705 1934 ad
729 1909 856 1934 terram
880 1903 924 1935 de
948 1903 1011 1934 Est
1036 1909 1101 1934 etc.

213 1955 347 1988 Eodem
370 1955 559 1993 millesimo,
582 1955 625 1987 de
642 1965 758 1988 mense
783 1957 906 1988 martii.
931 1956 1097 1988 Dominus
1121 1954 1325 1998 Raynaldus
1343 1955 1386 1986 de
1403 1953 1610 1992 Marchefia,
1634 1952 1754 1984 volens
1770 1951 1970 1983 satisfacere

127 2009 342 2050 promissioni
366 2009 458 2040 facte
482 2019 545 2050 per
568 2019 645 2040 eum
670 2009 809 2041 domino
833 2009 1023 2041 marchioni
1038 2008 1237 2045 Francisco,
1255 2008 1341 2039 fecit
1356 2007 1433 2048 capi
1450 2005 1626 2038 dominum
1643 2005 1812 2037 Ubertum
1831 2003 1874 2035 de
1890 2004 1969 2035 Bal-

127 2062 235 2100 daria,
259 2068 294 2094 et
318 2067 439 2094 contra
461 2061 696 2103 volunptatem
722 2062 851 2094 domini
876 2062 1019 2094 Freschi
1042 2061 1251 2093 marchionis
1275 2060 1339 2092 sibi
1357 2058 1470 2101 capud
1487 2058 1655 2100 amputari
1679 2057 1765 2089 fecit
1791 2056 1834 2088 ad
1857 2057 1971 2087 locum

127 2115 252 2147 iustitie
276 2114 365 2146 ultra
387 2113 530 2153 Padum,
556 2121 590 2146 et
613 2115 728 2157 capud
752 2115 824 2147 eius
846 2115 931 2157 poni
956 2114 1043 2147 fecit
1067 2125 1170 2155 super
1201 2112 1350 2155 quodam
1381 2112 1524 2144 bastono
1557 2117 1591 2142 et
1622 2111 1752 2153 portari
1775 2120 1836 2151 per
1866 2115 1973 2141 totam

63 2165 103 2198 35
129 2167 302 2199 civitatem
327 2168 474 2207 Ferarie,
500 2173 534 2199 et
557 2178 682 2210 corpus
707 2169 779 2200 eius
803 2167 1027 2210 detrahynari
1051 2167 1135 2198 fecit
1158 2176 1266 2208 usque
1290 2171 1429 2207 pontem
1452 2165 1561 2196 sancti
1587 2163 1749 2206 Georgii:
1773 2168 1893 2204 postea
1917 2172 1974 2193 ca-

127 2221 198 2262 pud
223 2227 257 2252 et
282 2230 406 2262 corpus
429 2221 562 2262 proieci
585 2221 673 2253 fecit
696 2221 732 2252 in
756 2221 868 2258 Pad03
895 2227 928 2252 et
951 2221 1017 2252 hoc
1042 2230 1110 2251 non
1134 2225 1277 2261 propter
1301 2219 1451 2250 offensas
1475 2217 1589 2248 illatas
1613 2216 1753 2248 domino
1776 2215 1973 2258 Raynaldo,

129 2278 179 2305 set
201 2279 340 2315 propter
363 2273 552 2305 fantaxiam
577 2274 752 2306 credendo
777 2274 976 2306 satisfacere
995 2273 1136 2304 domino
1153 2271 1345 2304 marchioni
1370 2270 1574 2306 Francisco3
1599 2275 1649 2300 set
1666 2269 1843 2300 civitatem
1867 2267 1975 2299 noluit

130 2326 162 2357 ei
185 2327 332 2364 tradere,
358 2326 503 2358 credens
527 2326 641 2358 adhuc
665 2327 698 2357 in
723 2326 819 2358 brevi
845 2326 1112 2358 dominationem
1126 2324 1264 2356 habere.
1310 2324 1355 2355 Et
1371 2322 1491 2356 eodem
1508 2332 1624 2354 mense
1649 2322 1804 2354 dominus
1827 2321 1974 2352 Frescus

128 2377 306 2419 predictus
336 2387 459 2418 pacem
492 2377 578 2409 fecit
601 2388 679 2409 cum
714 2377 923 2416 Mantuanis,
955 2375 1224 2413 Veronensibus,
1257 2373 1516 2413 Brissiensibus,
1547 2372 1799 2410 parmensibus,
1830 2371 1974 2414 Reginis

66 2429 106 2459 40
131 2434 163 2460 et
186 2428 439 2460 Mutinensibus
463 2433 530 2460 etc.

218 2479 351 2511 Eodem
374 2478 565 2517 millesimo,
590 2477 633 2510 de
657 2489 773 2510 mense
798 2479 921 2510 martii.
946 2478 1059 2510 Rubei
1085 2477 1127 2509 de
1150 2476 1284 2515 Parma,
1316 2476 1407 2518 Lupi
1440 2476 1483 2508 de
1515 2475 1670 2517 Soragna
1702 2480 1734 2505 et
1765 2473 1823 2505 alii
1846 2473 1975 2515 bapniti

131 2529 253 2560 Parme
279 2528 500 2570 expulserunt
524 2529 567 2561 de
592 2529 716 2560 Parma
741 2529 914 2561 dominum
940 2528 1145 2560 Ghibertum
1170 2527 1212 2558 de
1231 2526 1369 2569 Corigia
1384 2536 1447 2568 per
1462 2526 1550 2562 vim;
1575 2531 1625 2556 set
1652 2531 1834 2567 antequam
1858 2524 1976 2565 expel-

133 2581 242 2614 lerent
272 2581 393 2624 ipsum,
426 2591 587 2624 magnum
610 2582 755 2624 prelium
791 2581 856 2613 fuit
887 2581 977 2613 inter
1012 2591 1070 2612 eos
1105 2590 1206 2621 super
1229 2580 1380 2621 plateam
1412 2573 1572 2610 comunis
1597 2577 1728 2616 Parme,
1766 2583 1800 2609 et
1829 2577 1878 2608 ibi
1902 2583 1975 2608 erat

222 2700 244 2717 1.
264 2700 296 2717 ac
314 2694 400 2717 etiam
419 2693 533 2717 heredes
554 2691 737 2724 universales]
763 2698 834 2724 quos
853 2691 968 2716 heredes
987 2692 1114 2715 instituit
1132 2690 1303 2715 universales
1322 2690 1399 2714 Mun.
1422 2703 1453 2707 —
1475 2694 1498 2713 2.
1518 2689 1547 2712 in
1567 2687 1711 2719 extremis]
1731 2688 1805 2712 diem
1824 2689 1975 2712 extremum

135 2735 212 2759 Mun.
233 2748 267 2761 —,
284 2733 308 2758 6.
335 2733 417 2766 nota]
442 2736 538 2758 notum
558 2735 581 2757 Α
601 2746 612 2750 -
630 2735 749 2757 mortem
768 2733 791 2756 Α
813 2746 845 2750 -
865 2740 890 2765 9.
910 2733 1056 2756 millesimo
1081 2734 1109 2756 et
1128 2740 1176 2756 om.
1202 2732 1280 2756 MUR.
1300 2745 1333 2748 —
1356 2738 1395 2761 14.
1415 2728 1598 2763 pedestrium]
1626 2729 1725 2762 pedest
1743 2730 1785 2757 A,·
1804 2730 1930 2762 peditum
1952 2729 1978 2751 Β

134 2776 212 2800 MUR.
232 2788 264 2792 —
287 2783 327 2806 14.
343 2776 434 2806 prima
453 2776 483 2798 di
501 2775 599 2799 Fracte
619 2775 642 2798 A
663 2774 696 2797 Ιια
715 2776 841 2806 Arquate
860 2774 998 2797 cancellato
1013 2787 1045 2790 —
1062 2779 1101 2805 17.
1112 2775 1203 2804 prima
1216 2774 1247 2796 di
1258 2773 1382 2797 viriliter
1400 2773 1424 2796 A
1439 2775 1506 2803 pone
1519 2773 1548 2796 et
1563 2785 1593 2788 —
1610 2771 1650 2796 26.
1671 2772 1718 2803 qui
1738 2772 1831 2800 MUR.;
1844 2779 1893 2796 om.
1906 2772 1929 2795 A
1945 2784 1977 2789 —

136 2823 178 2848 27.
197 2819 259 2849 dopo
278 2818 395 2842 estensis
413 2818 437 2841 A
460 2821 527 2848 pone
546 2819 574 2841 et
593 2830 624 2834 --
645 2822 687 2848 37.
702 2818 793 2848 prima
813 2818 844 2839 di
860 2815 999 2841 eredendo
1020 2817 1048 2839 in
1074 2816 1097 2839 A
1116 2816 1129 2838 ἑ
1147 2817 1175 2839 et
1199 2814 1337 2839 cancellato
1357 2827 1367 2832 -
1387 2813 1544 2845 civitatem]
1565 2814 1638 2838 civit
1656 2814 1698 2840 B;
1717 2813 1833 2838 civitats
1851 2814 1929 2838 Mun.
1944 2827 1976 2831 —

90 2865 102 2890 5
136 2860 176 2890 38.
192 2860 283 2890 ,prima
302 2860 331 2882 dl
344 2859 442 2884 habere
455 2859 534 2884 MUR.
553 2866 612 2891 agg.
631 2860 689 2883 eius
707 2871 718 2876 -
731 2859 827 2883 eodem
847 2858 994 2882 millesimo
1014 2866 1060 2882 om.
1082 2857 1160 2882 Mun.
1177 2870 1209 2874 —
1222 2863 1265 2888 43.
1284 2856 1357 2888 erat]
1377 2857 1459 2880 erant
1478 2857 1502 2878 B
1522 2855 1597 2880 Mun.

222 2941 231 2958 ¹
250 2941 346 2976 Arqua
365 2943 490 2968 Polesine
510 2951 526 2967 a
544 2950 560 2974 9
579 2942 627 2967 kil.
648 2942 716 2967 S-O.
734 2942 770 2968 da
789 2942 910 2974 Rovigo.
1083 2943 1226 2970 norzz‘ensz‘s,
1246 2941 1304 2966 RR.
1325 2941 1362 2965 II.
1383 2941 1430 2964 SS.
1451 2940 1552 2969 XVIII,
1567 2945 1615 2971 315
1630 2939 1663 2963 ed
1684 2939 1704 2963 il
1717 2938 1854 2967 Polistore,
1868 2939 1926 2963 RR.
1941 2939 1977 2962 II.

221 2986 232 3002 ‘²
251 2988 398 3013 Pocatesta
417 2988 460 3012 de’
479 2987 631 3012 Beccadelli
651 2987 688 3011 cf.
708 2987 828 3011 Historia
852 2987 966 3011 miscella
987 2988 1027 3011 bo·
1082 2987 1144 3015 SS.‚
1163 2986 1280 3016 XXIIII,
1301 2992 1361 3018 715.

2039 796 2115 820 MUR.,
2131 796 2166 816 ³61
