2307 3592
115 231 198 266 [AA.
219 231 413 264 1817-1320]
745 225 1055 261 CHRONICON
1087 225 1316 261 ESTENSE
1900 224 1946 260 89

114 357 204 390 dicte
228 355 376 388 civitatis
400 355 555 386 Ferrarie
588 361 621 386 et
653 354 825 386 districtus
847 355 919 386 sine
949 355 1065 396 aliqua
1096 354 1376 392 contradictione,
1405 361 1438 386 et
1469 355 1623 387 Castrum
1650 354 1825 387 thealdum
1852 355 1952 388 deru-

114 416 228 451 patum
254 415 287 440 et
311 407 520 440 combustum
545 407 618 439 fuit.
657 407 701 439 Et
724 407 758 438 in
782 407 852 439 istis
876 406 996 439 diebus
1019 417 1160 449 magnus
1184 407 1272 450 ignis
1295 408 1360 439 fuit
1385 418 1404 439 a
1432 408 1600 440 beccariis
1633 408 1740 440 sancti
1769 408 1952 441 Clementis

113 472 219 504 usque
250 466 438 493 contratam
470 460 580 492 saneti
609 459 790 497 Micaellis‚
822 460 869 492 ita
901 460 993 502 quod
1027 471 1091 501 pro
1127 461 1248 492 maiori
1278 466 1374 502 parte
1407 461 1585 493 domorum
1617 461 1874 493 comburserunt
1908 461 1952 493 ab

113 521 257 557 utroque
282 515 399 546 latere.

73 569 90 599 5
202 567 333 600 Eodem
356 567 535 599 millesimo
559 567 594 598 in
617 566 737 609 vigilia
760 566 869 598 sancti
894 566 1028 598 Thome
1053 567 1221 608 appostoli
1246 567 1301 599 die
1326 577 1373 598 xx
1396 567 1522 599 mensis
1539 568 1742 600 decembris.
1788 568 1953 599 Dominus

114 620 215 653 Canis
239 621 282 652 de
307 620 338 651 la
363 620 465 652 Scala
490 630 566 650 cum
591 620 657 651 suis
681 619 843 650 militibus
866 625 1032 651 venerunt
1056 625 1203 652 castrum
1226 620 1354 652 Montis
1370 620 1473 652 silicis
1497 620 1747 659 Paduanomm,
1777 621 1869 662 quod
1887 627 1953 652 tra-

113 672 271 705 diderunt
295 672 327 704 ei
351 672 490 714 quidam
513 672 666 703 homines
690 671 775 703 dicti
801 672 917 708 casn-13
942 678 975 703 et
999 671 1062 702 hiis
1086 671 1205 703 diebus
1230 672 1465 714 equitaverunt
1488 672 1532 704 ad
1555 679 1679 704 terram
1708 673 1894 711 Estensem‚
1919 680 1952 704 et

113 725 255 757 viriliter
280 730 572 767 expugnaverunt,
596 730 630 756 et
646 735 707 765 per
723 724 791 755 vim
815 724 944 756 dictam
970 731 1092 756 terram
1118 724 1273 764 obtinuit,
1290 725 1348 757 ubi
1366 725 1461 757 multi
1478 726 1602 757 mortui
1625 725 1779 763 fuerunt;
1799 732 1832 757 et
1848 731 1951 758 totam

114 784 239 810 terram
263 777 518 809 derobaverunt
541 783 574 809 et
597 777 873 814 comburserunt;
900 783 933 808 et
955 778 1079 809 mortui
1111 778 1250 809 fuerunt
1275 788 1401 816 omnes,
1427 778 1485 820 qui
1510 778 1576 810 sibi
1600 778 1733 811 obediri
1762 779 1953 817 noluerunt,

53 832 90 863 10
114 830 238 862 deinde
261 830 388 862 redivit
411 830 566 862 Montem
590 830 732 862 silicem.

904 955 1168 999 MCCCXVHJ.

199 1048 306 1070 xxnn
330 1038 426 1081 junii.
472 1038 511 1069 In
542 1045 644 1070 nocte
668 1039 779 1070 sancti
801 1039 967 1081 Johannis
989 1040 1153 1081 Baptiste.
1200 1040 1365 1072 Dominus
1388 1040 1484 1084 Acco
1507 1042 1659 1073 marchio
1684 1041 1824 1073 estensis
1848 1052 1953 1083 quon-

114 1092 193 1124 dam
216 1091 346 1123 domini
368 1091 576 1122 marchionis
599 1091 778 1123 Francisci
802 1091 963 1123 estensis'
988 1093 1113 1124 clauxit
1135 1093 1169 1124 in
1194 1094 1351 1125 extremis
1374 1094 1409 1124 in
1434 1094 1603 1131 Ferraria,
1621 1100 1654 1126 et
1678 1095 1867 1127 honorifice
1899 1105 1951 1126 se-

114 1144 243 1185 pultum
268 1144 333 1176 fuit
355 1154 480 1185 corpus
504 1143 576 1174 eius
601 1144 644 1174 ad
667 1144 781 1175 locum
805 1144 948 1176 fratrum
972 1145 1243 1184 predicatorum,
1269 1152 1301 1178 et
1326 1147 1486 1178 remansit
1513 1147 1557 1178 de
1582 1147 1657 1188 ipso
1674 1157 1758 1179 unus
1782 1147 1868 1179 filius
1894 1158 1953 1180 no-

54 1198 89 1229 15
115 1197 207 1229 mine
224 1197 431 1229 Bertholdus
444 1196 462 1228 ¹.

896 1322 1176 1355 MCCCXVIIII.

202 1418 254 1450 De
277 1428 393 1451 mense
413 1419 499 1462 julii.
546 1420 712 1452 Dominus
736 1420 1008 1452 Franceschinus
1032 1421 1075 1452 de
1100 1422 1132 1452 la
1155 1420 1361 1458 Mirandola‚
1386 1422 1444 1464 qui
1468 1428 1548 1454 tunc
1578 1428 1650 1454 erat
1683 1422 1881 1464 capitaneus
1906 1424 1953 1455 ci-

112 1471 225 1503 vitatis
248 1470 395 1509 Mutine,
420 1472 564 1504 tradidit
589 1472 763 1504 civitatem
786 1473 977 1514 predictam
1001 1473 1139 1505 domino
1157 1473 1337 1505 Passarino
1361 1475 1404 1506 de
1428 1475 1570 1506 Mantua
1584 1475 1606 1514 ²,
1624 1481 1657 1507 et
1673 1475 1766 1517 prius
1790 1477 1954 1517 promise-

115 1530 167 1555 rat
190 1534 264 1555 eam
288 1524 424 1555 comuni
446 1524 602 1556 Bononie
627 1535 704 1556 cum
728 1525 838 1556 multis
863 1525 989 1566 pactis3
1014 1536 1119 1567 quare
1144 1526 1255 1558 Guelti
1279 1527 1322 1558 de
1346 1526 1480 1558 Mutina
1503 1527 1592 1559 missi
1616 1529 1754 1559 fuerunt
1776 1529 1821 1559 ad
1849 1529 1955 1560 confi-

52 1578 92 1608 20
116 1588 187 1615 nes,
212 1576 365 1619 quamvis
389 1587 506 1608 eorum
530 1577 660 1609 familie
686 1583 921 1609 remanserunt
944 1578 979 1609 in
1002 1578 1146 1616 Mutina,
1165 1584 1199 1610 et
1222 1579 1440 1620 possidebant
1458 1590 1575 1611 eorum
1592 1580 1690 1612 bona.

203 1628 332 1661 Eodem
349 1629 525 1661 millesimo
551 1635 584 1661 et
607 1630 643 1661 in
666 1630 719 1661 his
736 1630 867 1662 diebus.
892 1631 1058 1662 Dominus
1075 1631 1273 1674 Uguiconus
1291 1633 1333 1664 de
1352 1632 1383 1663 la
1399 1633 1536 1675 Facola‚
1554 1634 1702 1665 existens
1718 1643 1794 1665 cum
1815 1634 1953 1666 domino

117 1683 212 1716 Cane
236 1683 280 1715 de
304 1683 338 1714 la
362 1682 464 1714 Scala
486 1683 522 1713 in
552 1683 703 1715 exercitu
735 1684 829 1715 circa
860 1684 1024 1722 Paduam,
1057 1685 1186 1716 clausit
1215 1685 1251 1716 in
1276 1686 1435 1717 extremis
1466 1685 1510 1718 de
1537 1687 1679 1718 naturali
1711 1694 1827 1724 morte,
1861 1687 1955 1719 cuius

117 1746 241 1777 corpus
264 1735 432 1777 sepultum
455 1736 520 1767 fuit
543 1735 587 1767 ad
610 1736 724 1768 locum
740 1736 997 1768 Predicatorum
1021 1738 1058 1768 in
1082 1737 1218 1769 civitate
1236 1738 1372 1770 Verone
1396 1739 1596 1771 honorifice.

203 1788 336 1821 Eodem
352 1789 543 1827 millesimo,
565 1789 601 1820 in
624 1789 689 1820 hiis
705 1789 837 1821 diebus.
862 1790 1027 1821 Dominus
1051 1790 1236 1823 Ghjbertus
1253 1791 1296 1822 de
1313 1791 1451 1833 Corigia
1474 1791 1590 1823 habuit
1607 1793 1794 1824 dominium
1812 1793 1956 1825 civitatis

51 1840 91 1872 25
116 1841 285 1874 Cremone
299 1840 310 1857 ³
334 1847 367 1873 et
390 1841 456 1872 alia
487 1848 597 1874 castra
624 1841 893 1886 Bryssyensium,
919 1849 952 1874 et
975 1854 1112 1885 semper
1135 1843 1319 1884 appetebat
1343 1844 1520 1887 acquirere
1543 1846 1579 1876 in
1603 1845 1669 1876 illis
1692 1845 1852 1887 partibus.

930 1966 1140 2000 MCCCXX.

202 2049 335 2081 Eodem
359 2049 547 2089 millesimo,
571 2049 630 2082 die
654 2060 677 2081 v
701 2051 846 2092 augusti.
893 2050 1099 2093 Magnificus
1124 2052 1281 2084 dominus
1305 2052 1461 2084 dominus
1493 2053 1597 2085 Canis
1627 2054 1671 2085 de
1704 2053 1735 2085 la
1764 2053 1866 2086 Scala
1898 2054 1953 2085 fir-

114 2102 218 2134 mavit
241 2102 426 2135 exercit-um
450 2113 547 2134 suum
570 2103 666 2135 circa
690 2103 863 2135 civitatem
880 2103 998 2136 Padue
1015 2105 1059 2136 acl
1075 2111 1215 2146 pontem
1231 2105 1419 2137 Bassanelli
1438 2112 1515 2138 ante
1532 2112 1666 2147 portam
1682 2107 1952 2146 Saraxffiescam,

117 2160 151 2186 et
173 2154 220 2186 ibi
244 2155 317 2186 fieri
340 2155 425 2187 fecit
448 2155 622 2197 quoddam
646 2161 792 2187 castrum
816 2156 1054 2193 fortissimum3
1079 2162 1112 2188 et
1136 2156 1221 2188 fecit
1245 2157 1359 2189 claudi
1384 2159 1520 2197 flumen,
1544 2169 1586 2190 ne
1604 2158 1697 2190 cives
1713 2158 1831 2190 Padue
1849 2159 1954 2191 habe-

53 2209 93 2239 30
116 2213 192 2240 rent
214 2218 347 2250 aquam,
372 2217 438 2240 nec
461 2214 601 2250 possent
625 2208 758 2250 operari
782 2208 990 2247 molendina,
1014 2216 1047 2241 et
1068 2210 1118 2241 ibi
1142 2210 1232 2242 stetit
1254 2220 1317 2251 per
1340 2221 1444 2243 unum
1467 2221 1604 2250 annum,
1629 2217 1662 2243 et
1686 2211 1823 2243 multum
1841 2212 1956 2254 coegit

117 2260 300 2299 clvitatem,
324 2261 436 2292 taliter
459 2262 553 2303 quod
575 2261 633 2293 vix
656 2261 804 2293 habebat
827 2262 965 2294 victum.
1012 2262 1055 2294 Et
1079 2263 1176 2295 multi
1200 2263 1356 2296 Paduani
1380 2264 1536 2306 banpniti
1562 2271 1657 2297 erant
1681 2275 1758 2296 cum
1783 2265 1874 2296 dicto
1893 2266 1954 2296 do-

116 2313 206 2346 mino
231 2313 326 2346 Cane
349 2314 385 2345 in
409 2314 575 2353 exercitu,
600 2315 814 2346 destruentes
831 2315 959 2347 cotidie
976 2316 1172 2347 comitatum
1191 2317 1346 2348 civitatis.
1394 2316 1494 2349 Cives
1511 2318 1687 2349 intrinseci
1704 2318 1860 2350 videntes
1876 2318 1955 2355 hec,

116 2366 279 2398 miserunt
301 2367 439 2398 domino
464 2367 581 2399 comiti
598 2367 730 2399 Guritie
744 2367 766 2405 ⁴¹,
783 2368 877 2410 quod
893 2368 1045 2400 Paduam
1071 2368 1271 2407 accederet3
1298 2376 1331 2402 et
1348 2370 1395 2402 sic
1413 2370 1499 2402 fecit
1515 2381 1591 2402 cum
1608 2370 1753 2402 maxima
1769 2371 1956 2413 quantitate

116 2419 259 2451 militum
282 2426 425 2458 secrete,
442 2421 536 2463 quod
553 2420 660 2452 nichil
675 2421 839 2462 prescivit
863 2421 1019 2453 dominus
1043 2422 1157 2461 Canis,
1182 2422 1248 2454 nisi
1272 2423 1409 2465 quando
1433 2423 1520 2455 vidit
1544 2434 1602 2454 eos
1626 2430 1721 2455 extra
1743 2429 1876 2465 portam
1894 2424 1956 2456 Sa-

52 2470 92 2504 35
116 2472 277 2510 raxinam,
302 2478 335 2504 et
358 2472 504 2505 Pontem
527 2474 633 2505 corvi.
681 2474 761 2512 Quo
786 2474 875 2512 vixo,
900 2475 1123 2517 congregavit
1148 2476 1330 2507 consilium
1354 2486 1459 2514 suum,
1492 2476 1574 2518 quid
1600 2482 1687 2508 esset
1710 2483 1956 2518 opportunum;

117 2524 175 2568 qui
198 2526 461 2567 responderunt,
485 2526 579 2568 quod
603 2526 731 2558 bonum
755 2532 828 2558 erat
851 2527 1009 2565 sufferre,
1034 2527 1113 2569 quia
1137 2528 1306 2569 quantitas
1329 2528 1482 2570 gentium
1506 2528 1652 2560 maxima
1675 2535 1749 2561 erat
1763 2529 1799 2560 in
1822 2529 1954 2567 Padua‚

207 2643 228 2660 1.
249 2636 323 2661 dicte
345 2637 470 2661 civitatis
488 2636 642 2669 districtus]
662 2637 695 2661 de
715 2637 830 2661 civitate
850 2637 975 2661 Ferrarie
994 2639 1022 2661 et
1047 2638 1192 2662 district-us
1212 2638 1324 2663 BMUR.
1346 2653 1377 2656 —
1399 2645 1422 2663 2.
1442 2639 1516 2670 istis]
1537 2640 1593 2664 illis
1619 2640 1697 2664 Mun.
1721 2653 1753 2657 —
1779 2648 1804 2672 3.
1829 2641 1957 2665 combur-

119 2677 228 2709 serunt]
248 2677 406 2702 combustae
431 2677 547 2702 fuerunt
565 2679 642 2703 Mum.
670 2692 701 2696 —
729 2684 753 2709 7.
772 2678 897 2711 quidam]
923 2679 1036 2711 quidem
1055 2679 1167 2703 BMUR.
1189 2693 1198 2698 -
1224 2680 1259 2704 ad
1278 2687 1324 2704 om.
1345 2681 1422 2705 Mna.
1449 2694 1481 2698 —
1506 2681 1531 2705 8.
1556 2680 1684 2712 viriliter]
1710 2682 1803 2706 viliter
1821 2682 1899 2706 Mun.
1925 2696 1957 2699 —

120 2727 143 2751 9.
163 2719 276 2745 obedire
296 2719 375 2744 Μυκ.
395 2733 427 2737 -
450 2727 488 2751 13.
508 2727 584 2744 mors
603 2720 713 2744 domini
732 2721 854 2754 Acconis
873 2722 989 2745 estensis
1008 2721 1052 2744 nel
1068 2723 1188 2753 nnzrgine
1207 2722 1237 2744 di
1253 2723 1363 2746 sinistra
1382 2724 1411 2745 in
1423 2723 1447 2746 Α
1462 2736 1494 2740 -
1517 2730 1557 2754 14.
1571 2723 1796 2755 predicatorum]
1816 2724 1958 2748 Minox-um

118 2761 327 2785 Predicatorum
346 2761 475 2791 BMUR.3
495 2763 523 2784 in
543 2762 566 2785 A
587 2762 729 2786 Minorum
747 2762 760 2784 ἐ
779 2765 884 2793 espzcnto
906 2776 935 2779 —-
960 2769 1044 2794 14-15.
1059 2763 1082 2785 le
1096 2763 1188 2794 parole
1207 2764 1234 2787 et
1254 2764 1386 2788 remansit
1398 2765 1457 2796 fino
1470 2772 1485 2787 a
1504 2765 1650 2788 Bertoldus
1668 2766 1698 2789 in
1716 2765 1739 2788 A
1752 2763 1855 2794 surano
1873 2767 1960 2789 scritta

75 2806 88 2832 5
120 2802 155 2826 da
174 2809 248 2825 mano
268 2803 370 2826 diversa
390 2817 421 2821 -
441 2809 482 2834 30.
503 2803 565 2835 nec]
585 2811 620 2828 ne
638 2804 752 2828 BMUR.

205 2884 213 2900 ¹
234 2886 364 2910 Bertoldo
384 2894 442 2911 non
467 2886 497 2910 fu
518 2887 603 2919 figlio,
630 2895 674 2912 ma
694 2887 805 2912 fratello
828 2888 861 2912 ed
880 2888 959 2912 erede
978 2889 1005 2912 di
1061 2888 1144 2916 ΛΙσιί,,
1165 2888 1198 2919 11,
1219 2895 1278 2913 202.

119 2928 202 2951 Azzo.
223 2927 267 2952 Cf.
287 2928 456 2959 Mmmrom,
475 2929 539 2954 Ant.
557 2929 626 2957 Est„
646 2929 680 2959 ΙΙ,
700 2935 743 2961 73.
1150 2929 1161 2944 ³
1182 2937 1211 2961 23
1234 2932 1394 2956 novembre.
1413 2932 1459 2957 Cf.
1473 2931 1561 2962 ΑῙ-Ῥὺ,
1576 2933 1644 2957 Stor.
1659 2934 1688 2955 di
1706 2934 1814 2960 Parma,
1832 2933 1880 2963 IV,
1896 2939 1956 2964 2²4·
1989 2942 2019 2959 10

205 2966 216 2983 ²
230 2975 264 3000 30
276 2970 427 2993 novembre
443 2977 517 3002 1319.
540 2970 584 2995 Cf.
599 2970 634 2995 G.
647 2971 835 3001 TmABoscm,
846 2971 925 2996 illem.
938 2972 1007 2996 Stor.
1151 2971 1161 2987 ⁴
1180 2973 1291 2997 Enrico.

2026 1111 2044 1125 c.
2062 1105 2108 1128 76²²
