<?xml version="1.0" encoding="UTF-8"?>
<!DOCTYPE html PUBLIC "-//W3C//DTD XHTML 1.0 Transitional//EN"
    "http://www.w3.org/TR/xhtml1/DTD/xhtml1-transitional.dtd">
<html xmlns="http://www.w3.org/1999/xhtml" xml:lang="en" lang="en">
 <head>
  <title>
</title>
<meta http-equiv="Content-Type" content="text/html;charset=utf-8" />
  <meta name='ocr-system' content='tesseract 3.04.00' />
  <meta name='ocr-capabilities' content='ocr_page ocr_carea ocr_par ocr_line ocrx_word'/>
</head>
<body>
  <div class='ocr_page' id='page_1' title='image "./p3f1rerumitalica15murauoft_0073.png"; bbox 0 0 2307 3592; ppageno 0'>
   <div class='ocr_carea' id='block_1_1' title="bbox 93 247 1929 288">
    <p class='ocr_par' dir='ltr' id='par_1_1' title="bbox 93 247 1929 288">
     <span class='ocr_line' id='line_1_1' title="bbox 93 247 1929 288; baseline 0.001 -6"><span class='ocrx_word' id='word_1_1' title='bbox 93 254 175 288; x_wconf 75' lang='grc' dir='ltr'><strong>[ΑΛ.</strong></span> <span class='ocrx_word' id='word_1_2' title='bbox 197 255 395 287; x_wconf 81' lang='lat'>1296-1299]</span> <span class='ocrx_word' id='word_1_3' title='bbox 721 247 1034 284; x_wconf 92' lang='lat' dir='ltr'><strong>CHRONICON</strong></span> <span class='ocrx_word' id='word_1_4' title='bbox 1063 247 1293 284; x_wconf 85' lang='lat' dir='ltr'>ESTENSE</span> <span class='ocrx_word' id='word_1_5' title='bbox 1882 248 1929 283; x_wconf 89' lang='grc'><strong>53</strong></span> 
     </span>
    </p>
   </div>
   <div class='ocr_carea' id='block_1_2' title="bbox 47 376 1942 833">
    <p class='ocr_par' dir='ltr' id='par_1_2' title="bbox 89 376 1940 577">
     <span class='ocr_line' id='line_1_2' title="bbox 179 376 1938 420; baseline 0 -11"><span class='ocrx_word' id='word_1_6' title='bbox 179 378 312 409; x_wconf 89' lang='lat' dir='ltr'><strong>Eodem</strong></span> <span class='ocrx_word' id='word_1_7' title='bbox 337 377 393 408; x_wconf 87' lang='lat' dir='ltr'><strong>die</strong></span> <span class='ocrx_word' id='word_1_8' title='bbox 418 377 578 408; x_wconf 88' lang='lat' dir='ltr'><strong>dominus</strong></span> <span class='ocrx_word' id='word_1_9' title='bbox 601 376 762 408; x_wconf 86' lang='lat' dir='ltr'><strong>Marchio</strong></span> <span class='ocrx_word' id='word_1_10' title='bbox 785 382 927 408; x_wconf 86' lang='lat' dir='ltr'><strong>venerat</strong></span> <span class='ocrx_word' id='word_1_11' title='bbox 954 377 999 408; x_wconf 90' lang='lat' dir='ltr'><strong>ad</strong></span> <span class='ocrx_word' id='word_1_12' title='bbox 1024 382 1174 408; x_wconf 81' lang='lat' dir='ltr'>castrum</span> <span class='ocrx_word' id='word_1_13' title='bbox 1194 377 1335 420; x_wconf 75' lang='lat' dir='ltr'><strong>Bacani‚</strong></span> <span class='ocrx_word' id='word_1_14' title='bbox 1360 383 1394 408; x_wconf 89' lang='lat' dir='ltr'><strong>et</strong></span> <span class='ocrx_word' id='word_1_15' title='bbox 1410 377 1518 418; x_wconf 90' lang='lat' dir='ltr'><strong>ipsum</strong></span> <span class='ocrx_word' id='word_1_16' title='bbox 1535 377 1688 409; x_wconf 80' lang='lat' dir='ltr'><strong>faciebat</strong></span> <span class='ocrx_word' id='word_1_17' title='bbox 1702 378 1938 409; x_wconf 86' lang='lat' dir='ltr'><strong>rehedificare.</strong></span> 
     </span>
     <span class='ocr_line' id='line_1_3' title="bbox 89 429 1939 474; baseline -0.001 -10"><span class='ocrx_word' id='word_1_18' title='bbox 89 431 323 464; x_wconf 85' lang='lat' dir='ltr'><strong>Bononienses</strong></span> <span class='ocrx_word' id='word_1_19' title='bbox 347 429 390 461; x_wconf 87' lang='lat' dir='ltr'><strong>de</strong></span> <span class='ocrx_word' id='word_1_20' title='bbox 415 430 564 462; x_wconf 85' lang='lat' dir='ltr'><strong>adventu</strong></span> <span class='ocrx_word' id='word_1_21' title='bbox 589 429 718 461; x_wconf 90' lang='lat' dir='ltr'><strong>domini</strong></span> <span class='ocrx_word' id='word_1_22' title='bbox 741 429 955 461; x_wconf 86' lang='lat' dir='ltr'><strong>Marchionis</strong></span> <span class='ocrx_word' id='word_1_23' title='bbox 984 429 1185 461; x_wconf 79' lang='lat' dir='ltr'>relationem</span> <span class='ocrx_word' id='word_1_24' title='bbox 1217 429 1425 466; x_wconf 90' lang='lat' dir='ltr'><strong>habuerunt;</strong></span> <span class='ocrx_word' id='word_1_25' title='bbox 1457 436 1508 462; x_wconf 90' lang='lat' dir='ltr'><strong>set</strong></span> <span class='ocrx_word' id='word_1_26' title='bbox 1531 430 1736 473; x_wconf 83' lang='lat' dir='ltr'>ignorabant</span> <span class='ocrx_word' id='word_1_27' title='bbox 1766 430 1939 474; x_wconf 84' lang='lat' dir='ltr'>negotium</span> 
     </span>
     <span class='ocr_line' id='line_1_4' title="bbox 90 482 1938 525; baseline 0 -10"><span class='ocrx_word' id='word_1_28' title='bbox 90 484 226 516; x_wconf 85' lang='lat' dir='ltr'><strong>Ymole.</strong></span> <span class='ocrx_word' id='word_1_29' title='bbox 272 482 438 514; x_wconf 81' lang='lat' dir='ltr'><strong>Exierunt</strong></span> <span class='ocrx_word' id='word_1_30' title='bbox 462 488 557 514; x_wconf 81' lang='lat' dir='ltr'><strong>extra</strong></span> <span class='ocrx_word' id='word_1_31' title='bbox 573 482 747 514; x_wconf 88' lang='lat' dir='ltr'><strong>civitatem</strong></span> <span class='ocrx_word' id='word_1_32' title='bbox 763 482 918 513; x_wconf 88' lang='lat' dir='ltr'><strong>Bononie</strong></span> <span class='ocrx_word' id='word_1_33' title='bbox 937 488 971 513; x_wconf 86' lang='lat' dir='ltr'><strong>et</strong></span> <span class='ocrx_word' id='word_1_34' title='bbox 986 483 1121 514; x_wconf 88' lang='lat' dir='ltr'><strong>iverunt</strong></span> <span class='ocrx_word' id='word_1_35' title='bbox 1136 483 1309 525; x_wconf 71' lang='lat' dir='ltr'><strong>Bacanum</strong></span> <span class='ocrx_word' id='word_1_36' title='bbox 1327 483 1370 514; x_wconf 88' lang='lat' dir='ltr'><strong>ad</strong></span> <span class='ocrx_word' id='word_1_37' title='bbox 1393 483 1600 522; x_wconf 84' lang='lat' dir='ltr'><strong>evitandum,</strong></span> <span class='ocrx_word' id='word_1_38' title='bbox 1624 492 1667 514; x_wconf 90' lang='lat' dir='ltr'><strong>ne</strong></span> <span class='ocrx_word' id='word_1_39' title='bbox 1691 489 1839 515; x_wconf 88' lang='lat' dir='ltr'><strong>castrum</strong></span> <span class='ocrx_word' id='word_1_40' title='bbox 1859 494 1938 525; x_wconf 88' lang='lat' dir='ltr'><strong>pre-</strong></span> 
     </span>
     <span class='ocr_line' id='line_1_5' title="bbox 90 534 1940 577; baseline -0.001 -9"><span class='ocrx_word' id='word_1_41' title='bbox 90 537 217 568; x_wconf 86' lang='lat' dir='ltr'><strong>dictum</strong></span> <span class='ocrx_word' id='word_1_42' title='bbox 241 535 525 567; x_wconf 90' lang='lat' dir='ltr'><strong>rehedificaretur</strong></span> <span class='ocrx_word' id='word_1_43' title='bbox 548 541 582 566; x_wconf 91' lang='lat' dir='ltr'><strong>et</strong></span> <span class='ocrx_word' id='word_1_44' title='bbox 603 535 738 566; x_wconf 88' lang='lat' dir='ltr'><strong>interim</strong></span> <span class='ocrx_word' id='word_1_45' title='bbox 761 534 858 566; x_wconf 86' lang='lat' dir='ltr'><strong>multi</strong></span> <span class='ocrx_word' id='word_1_46' title='bbox 881 535 1036 566; x_wconf 85' lang='lat' dir='ltr'><strong>homines</strong></span> <span class='ocrx_word' id='word_1_47' title='bbox 1059 535 1237 574; x_wconf 84' lang='lat' dir='ltr'><strong>vulnerati,</strong></span> <span class='ocrx_word' id='word_1_48' title='bbox 1270 535 1512 574; x_wconf 81' lang='lat' dir='ltr'><strong>Bononieuses,</strong></span> <span class='ocrx_word' id='word_1_49' title='bbox 1545 535 1602 577; x_wconf 88' lang='lat' dir='ltr'><strong>qui</strong></span> <span class='ocrx_word' id='word_1_50' title='bbox 1635 536 1677 567; x_wconf 88' lang='lat' dir='ltr'><strong>de</strong></span> <span class='ocrx_word' id='word_1_51' title='bbox 1702 536 1827 567; x_wconf 83' lang='lat' dir='ltr'><strong>Ymola</strong></span> <span class='ocrx_word' id='word_1_52' title='bbox 1850 536 1940 567; x_wconf 89' lang='lat' dir='ltr'><strong>redi-</strong></span> 
     </span>
    </p>

    <p class='ocr_par' dir='ltr' id='par_1_3' title="bbox 47 587 1942 833">
     <span class='ocr_line' id='line_1_6' title="bbox 47 587 1938 631; baseline -0.002 -9"><span class='ocrx_word' id='word_1_53' title='bbox 47 590 64 622; x_wconf 88' lang='lat'><strong>5</strong></span> <span class='ocrx_word' id='word_1_54' title='bbox 89 589 172 621; x_wconf 89' lang='lat' dir='ltr'><strong>bant</strong></span> <span class='ocrx_word' id='word_1_55' title='bbox 194 588 395 625; x_wconf 86' lang='lat' dir='ltr'><strong>Bononiam,</strong></span> <span class='ocrx_word' id='word_1_56' title='bbox 420 588 602 619; x_wconf 86' lang='lat' dir='ltr'><strong>clamando</strong></span> <span class='ocrx_word' id='word_1_57' title='bbox 627 588 695 619; x_wconf 86' lang='lat' dir='ltr'><strong>alta</strong></span> <span class='ocrx_word' id='word_1_58' title='bbox 726 597 813 619; x_wconf 88' lang='lat' dir='ltr'><strong>voce</strong></span> <span class='ocrx_word' id='word_1_59' title='bbox 838 587 1017 619; x_wconf 81' lang='lat' dir='ltr'><strong>dicebant:</strong></span> <span class='ocrx_word' id='word_1_60' title='bbox 1043 588 1119 619; x_wconf 79' lang='lat' dir='ltr'><strong>Nos</strong></span> <span class='ocrx_word' id='word_1_61' title='bbox 1143 589 1271 620; x_wconf 72' lang='lat' dir='ltr'><strong>mortui</strong></span> <span class='ocrx_word' id='word_1_62' title='bbox 1291 592 1324 618; x_wconf 84' lang='lat' dir='ltr'><strong>ct</strong></span> <span class='ocrx_word' id='word_1_63' title='bbox 1346 589 1471 619; x_wconf 67' lang='lat' dir='ltr'><strong>traditi</strong></span> <span class='ocrx_word' id='word_1_64' title='bbox 1490 599 1610 630; x_wconf 77' lang='lat' dir='ltr'><strong>sumus,</strong></span> <span class='ocrx_word' id='word_1_65' title='bbox 1635 592 1668 619; x_wconf 86' lang='lat' dir='ltr'><strong>et</strong></span> <span class='ocrx_word' id='word_1_66' title='bbox 1692 588 1730 619; x_wconf 74' lang='lat' dir='ltr'><em>Y</em></span> <span class='ocrx_word' id='word_1_67' title='bbox 1726 589 1813 620; x_wconf 84' lang='lat' dir='ltr'><strong>mola</strong></span> <span class='ocrx_word' id='word_1_68' title='bbox 1836 592 1938 631; x_wconf 79' lang='lat' dir='ltr'><strong>capta</strong></span> 
     </span>
     <span class='ocr_line' id='line_1_7' title="bbox 89 640 1940 679; baseline -0.001 -5"><span class='ocrx_word' id='word_1_69' title='bbox 89 647 138 674; x_wconf 78' lang='lat' dir='ltr'><strong>est</strong></span> <span class='ocrx_word' id='word_1_70' title='bbox 159 642 200 673; x_wconf 82' lang='lat' dir='ltr'><strong>ab</strong></span> <span class='ocrx_word' id='word_1_71' title='bbox 224 642 379 673; x_wconf 77' lang='lat' dir='ltr'><strong>inimicis.</strong></span> <span class='ocrx_word' id='word_1_72' title='bbox 426 641 671 679; x_wconf 86' lang='lat' dir='ltr'><strong>Bononienses,</strong></span> <span class='ocrx_word' id='word_1_73' title='bbox 696 640 874 672; x_wconf 85' lang='lat' dir='ltr'><strong>audientes</strong></span> <span class='ocrx_word' id='word_1_74' title='bbox 898 641 976 678; x_wconf 88' lang='lat' dir='ltr'><strong>hoc,</strong></span> <span class='ocrx_word' id='word_1_75' title='bbox 1001 641 1113 673; x_wconf 88' lang='lat' dir='ltr'><strong>statim</strong></span> <span class='ocrx_word' id='word_1_76' title='bbox 1137 646 1351 673; x_wconf 87' lang='lat' dir='ltr'><strong>recesserunt</strong></span> <span class='ocrx_word' id='word_1_77' title='bbox 1374 641 1417 672; x_wconf 90' lang='lat' dir='ltr'><strong>de</strong></span> <span class='ocrx_word' id='word_1_78' title='bbox 1445 642 1524 673; x_wconf 91' lang='lat' dir='ltr'><strong>loco</strong></span> <span class='ocrx_word' id='word_1_79' title='bbox 1548 640 1606 672; x_wconf 91' lang='lat' dir='ltr'><strong>ubi</strong></span> <span class='ocrx_word' id='word_1_80' title='bbox 1630 647 1736 679; x_wconf 88' lang='lat' dir='ltr'><strong>erant,</strong></span> <span class='ocrx_word' id='word_1_81' title='bbox 1770 647 1803 673; x_wconf 90' lang='lat' dir='ltr'><strong>et</strong></span> <span class='ocrx_word' id='word_1_82' title='bbox 1826 642 1940 673; x_wconf 89' lang='lat' dir='ltr'><strong>redie-</strong></span> 
     </span>
     <span class='ocr_line' id='line_1_8' title="bbox 87 693 1940 737; baseline -0.001 -10"><span class='ocrx_word' id='word_1_83' title='bbox 87 701 166 727; x_wconf 90' lang='lat' dir='ltr'><strong>runt</strong></span> <span class='ocrx_word' id='word_1_84' title='bbox 188 695 379 727; x_wconf 87' lang='lat' dir='ltr'><strong>Bononiam</strong></span> <span class='ocrx_word' id='word_1_85' title='bbox 403 705 480 726; x_wconf 90' lang='lat' dir='ltr'><strong>cum</strong></span> <span class='ocrx_word' id='word_1_86' title='bbox 505 694 635 737; x_wconf 84' lang='lat' dir='ltr'><strong>gemitu</strong></span> <span class='ocrx_word' id='word_1_87' title='bbox 660 699 693 725; x_wconf 91' lang='lat' dir='ltr'><strong>et</strong></span> <span class='ocrx_word' id='word_1_88' title='bbox 715 693 867 725; x_wconf 85' lang='lat' dir='ltr'><strong>tristitia:</strong></span> <span class='ocrx_word' id='word_1_89' title='bbox 893 698 927 725; x_wconf 89' lang='lat' dir='ltr'><strong>et</strong></span> <span class='ocrx_word' id='word_1_90' title='bbox 951 694 1001 725; x_wconf 90' lang='lat' dir='ltr'><strong>sic</strong></span> <span class='ocrx_word' id='word_1_91' title='bbox 1025 694 1152 726; x_wconf 87' lang='lat' dir='ltr'><strong>Ymola</strong></span> <span class='ocrx_word' id='word_1_92' title='bbox 1175 700 1286 736; x_wconf 86' lang='lat' dir='ltr'><strong>capta,</strong></span> <span class='ocrx_word' id='word_1_93' title='bbox 1311 700 1345 726; x_wconf 88' lang='lat' dir='ltr'><strong>et</strong></span> <span class='ocrx_word' id='word_1_94' title='bbox 1369 694 1505 726; x_wconf 88' lang='lat' dir='ltr'><strong>Bazano</strong></span> <span class='ocrx_word' id='word_1_95' title='bbox 1522 694 1759 732; x_wconf 86' lang='lat' dir='ltr'><strong>rehedificato‚</strong></span> <span class='ocrx_word' id='word_1_96' title='bbox 1784 695 1940 726; x_wconf 88' lang='lat' dir='ltr'><strong>dominus</strong></span> 
     </span>
     <span class='ocr_line' id='line_1_9' title="bbox 88 747 1942 789; baseline -0.001 -10"><span class='ocrx_word' id='word_1_97' title='bbox 88 747 247 780; x_wconf 89' lang='lat' dir='ltr'><strong>Marchio</strong></span> <span class='ocrx_word' id='word_1_98' title='bbox 271 758 429 779; x_wconf 89' lang='lat' dir='ltr'><strong>reversus</strong></span> <span class='ocrx_word' id='word_1_99' title='bbox 452 752 503 779; x_wconf 88' lang='lat' dir='ltr'><strong>est</strong></span> <span class='ocrx_word' id='word_1_100' title='bbox 526 747 695 778; x_wconf 89' lang='lat' dir='ltr'><strong>Mutinam</strong></span> <span class='ocrx_word' id='word_1_101' title='bbox 719 758 797 778; x_wconf 91' lang='lat' dir='ltr'><strong>cum</strong></span> <span class='ocrx_word' id='word_1_102' title='bbox 821 752 892 778; x_wconf 87' lang='lat' dir='ltr'><strong>toto</strong></span> <span class='ocrx_word' id='word_1_103' title='bbox 925 747 1090 785; x_wconf 82' lang='lat' dir='ltr'><strong>exercitu,</strong></span> <span class='ocrx_word' id='word_1_104' title='bbox 1123 753 1157 778; x_wconf 92' lang='lat' dir='ltr'><strong>et</strong></span> <span class='ocrx_word' id='word_1_105' title='bbox 1187 753 1306 788; x_wconf 85' lang='lat' dir='ltr'><strong>postea</strong></span> <span class='ocrx_word' id='word_1_106' title='bbox 1338 757 1455 778; x_wconf 89' lang='lat' dir='ltr'><strong>omnes</strong></span> <span class='ocrx_word' id='word_1_107' title='bbox 1480 747 1621 779; x_wconf 88' lang='lat' dir='ltr'><strong>remeati</strong></span> <span class='ocrx_word' id='word_1_108' title='bbox 1645 752 1723 778; x_wconf 87' lang='lat' dir='ltr'><strong>sunt</strong></span> <span class='ocrx_word' id='word_1_109' title='bbox 1747 747 1791 779; x_wconf 90' lang='lat' dir='ltr'><strong>ad</strong></span> <span class='ocrx_word' id='word_1_110' title='bbox 1813 747 1942 789; x_wconf 78' lang='lat' dir='ltr'><strong>patrias</strong></span> 
     </span>
     <span class='ocr_line' id='line_1_10' title="bbox 90 812 217 833; baseline -0.008 0"><span class='ocrx_word' id='word_1_111' title='bbox 90 812 217 833; x_wconf 88' lang='lat' dir='ltr'><strong>eorum.</strong></span> 
     </span>
    </p>
   </div>
   <div class='ocr_carea' id='block_1_3' title="bbox 28 882 1195 925">
    <p class='ocr_par' dir='ltr' id='par_1_4' title="bbox 28 882 1195 925">
     <span class='ocr_line' id='line_1_11' title="bbox 28 882 1195 925; baseline -0.003 -8"><span class='ocrx_word' id='word_1_112' title='bbox 28 887 65 917; x_wconf 89' lang='lat'><strong>10</strong></span> <span class='ocrx_word' id='word_1_113' title='bbox 833 882 1195 925; x_wconf 87' lang='lat' dir='ltr'><strong>MCCLXXXXVIJ.</strong></span> 
     </span>
    </p>
   </div>
   <div class='ocr_carea' id='block_1_4' title="bbox 1332 912 1344 926">
    <p class='ocr_par' dir='ltr' id='par_1_5' title="bbox 1332 912 1344 926">
     <span class='ocr_line' id='line_1_12' title="bbox 1332 912 1344 926; baseline 0 0"><span class='ocrx_word' id='word_1_114' title='bbox 1332 912 1344 926; x_wconf 64' lang='lat' dir='ltr'>X</span> 
     </span>
    </p>
   </div>
   <div class='ocr_carea' id='block_1_5' title="bbox 24 959 1942 1584">
    <p class='ocr_par' dir='ltr' id='par_1_6' title="bbox 87 959 1938 1110">
     <span class='ocr_line' id='line_1_13' title="bbox 174 959 1937 1004; baseline -0.001 -10"><span class='ocrx_word' id='word_1_115' title='bbox 174 963 226 994; x_wconf 90' lang='lat' dir='ltr'><strong>De</strong></span> <span class='ocrx_word' id='word_1_116' title='bbox 250 971 366 994; x_wconf 87' lang='lat' dir='ltr'><strong>mense</strong></span> <span class='ocrx_word' id='word_1_117' title='bbox 391 962 508 994; x_wconf 89' lang='lat' dir='ltr'><strong>madii.</strong></span> <span class='ocrx_word' id='word_1_118' title='bbox 554 962 681 993; x_wconf 87' lang='lat' dir='ltr'><strong>Factus</strong></span> <span class='ocrx_word' id='word_1_119' title='bbox 705 966 755 992; x_wconf 87' lang='lat' dir='ltr'><strong>est</strong></span> <span class='ocrx_word' id='word_1_120' title='bbox 778 971 864 1002; x_wconf 92' lang='lat' dir='ltr'><strong>pons</strong></span> <span class='ocrx_word' id='word_1_121' title='bbox 887 961 1025 992; x_wconf 89' lang='lat' dir='ltr'><strong>navium</strong></span> <span class='ocrx_word' id='word_1_122' title='bbox 1049 971 1152 1002; x_wconf 87' lang='lat' dir='ltr'><strong>super</strong></span> <span class='ocrx_word' id='word_1_123' title='bbox 1175 959 1307 992; x_wconf 90' lang='lat' dir='ltr'><strong>Padum</strong></span> <span class='ocrx_word' id='word_1_124' title='bbox 1323 961 1357 992; x_wconf 91' lang='lat' dir='ltr'><strong>in</strong></span> <span class='ocrx_word' id='word_1_125' title='bbox 1382 966 1537 993; x_wconf 85' lang='lat' dir='ltr'><strong>contrata</strong></span> <span class='ocrx_word' id='word_1_126' title='bbox 1569 961 1679 994; x_wconf 87' lang='lat' dir='ltr'><strong>sancti</strong></span> <span class='ocrx_word' id='word_1_127' title='bbox 1705 961 1871 1004; x_wconf 80' lang='lat' dir='ltr'><strong>Johannis</strong></span> <span class='ocrx_word' id='word_1_128' title='bbox 1894 962 1937 993; x_wconf 89' lang='lat' dir='ltr'><strong>de</strong></span> 
     </span>
     <span class='ocr_line' id='line_1_14' title="bbox 87 1013 1935 1056; baseline -0.001 -10"><span class='ocrx_word' id='word_1_129' title='bbox 87 1015 238 1053; x_wconf 82' lang='lat' dir='ltr'><strong>Feraria,</strong></span> <span class='ocrx_word' id='word_1_130' title='bbox 262 1021 299 1046; x_wconf 95' lang='lat' dir='ltr'><strong>ut</strong></span> <span class='ocrx_word' id='word_1_131' title='bbox 323 1014 503 1046; x_wconf 82' lang='lat' dir='ltr'><strong>transitum</strong></span> <span class='ocrx_word' id='word_1_132' title='bbox 527 1013 668 1045; x_wconf 88' lang='lat' dir='ltr'><strong>haberet</strong></span> <span class='ocrx_word' id='word_1_133' title='bbox 691 1014 736 1045; x_wconf 93' lang='lat' dir='ltr'><strong>ad</strong></span> <span class='ocrx_word' id='word_1_134' title='bbox 760 1013 934 1044; x_wconf 88' lang='lat' dir='ltr'><strong>civitatem</strong></span> <span class='ocrx_word' id='word_1_135' title='bbox 956 1013 1088 1045; x_wconf 84' lang='lat' dir='ltr'><strong>Mutine</strong></span> <span class='ocrx_word' id='word_1_136' title='bbox 1116 1019 1258 1054; x_wconf 85' lang='lat' dir='ltr'><strong>propter</strong></span> <span class='ocrx_word' id='word_1_137' title='bbox 1281 1024 1433 1056; x_wconf 82' lang='lat' dir='ltr'><strong>gueram,</strong></span> <span class='ocrx_word' id='word_1_138' title='bbox 1458 1025 1524 1056; x_wconf 89' lang='lat' dir='ltr'><strong>que</strong></span> <span class='ocrx_word' id='word_1_139' title='bbox 1549 1020 1622 1046; x_wconf 91' lang='lat' dir='ltr'><strong>erat</strong></span> <span class='ocrx_word' id='word_1_140' title='bbox 1644 1014 1733 1046; x_wconf 86' lang='lat' dir='ltr'><strong>inter</strong></span> <span class='ocrx_word' id='word_1_141' title='bbox 1761 1014 1935 1046; x_wconf 90' lang='lat' dir='ltr'><strong>dominum</strong></span> 
     </span>
     <span class='ocr_line' id='line_1_15' title="bbox 87 1065 1938 1110; baseline -0.001 -11"><span class='ocrx_word' id='word_1_142' title='bbox 87 1067 325 1099; x_wconf 89' lang='lat' dir='ltr'><strong>Marchionem</strong></span> <span class='ocrx_word' id='word_1_143' title='bbox 350 1073 384 1099; x_wconf 90' lang='lat' dir='ltr'><strong>et</strong></span> <span class='ocrx_word' id='word_1_144' title='bbox 408 1077 552 1099; x_wconf 89' lang='lat' dir='ltr'><strong>comune</strong></span> <span class='ocrx_word' id='word_1_145' title='bbox 576 1065 740 1103; x_wconf 86' lang='lat' dir='ltr'><strong>Bononie,</strong></span> <span class='ocrx_word' id='word_1_146' title='bbox 765 1066 844 1107; x_wconf 80' lang='lat' dir='ltr'><strong>quia</strong></span> <span class='ocrx_word' id='word_1_147' title='bbox 867 1065 953 1097; x_wconf 80' lang='lat' dir='ltr'><strong>alius</strong></span> <span class='ocrx_word' id='word_1_148' title='bbox 975 1076 1062 1107; x_wconf 89' lang='lat' dir='ltr'><strong>pons</strong></span> <span class='ocrx_word' id='word_1_149' title='bbox 1086 1066 1196 1098; x_wconf 87' lang='lat' dir='ltr'><strong>Castri</strong></span> <span class='ocrx_word' id='word_1_150' title='bbox 1221 1066 1328 1097; x_wconf 85' lang='lat' dir='ltr'><strong>tealdi</strong></span> <span class='ocrx_word' id='word_1_151' title='bbox 1354 1071 1426 1097; x_wconf 88' lang='lat' dir='ltr'><strong>erat</strong></span> <span class='ocrx_word' id='word_1_152' title='bbox 1451 1067 1581 1098; x_wconf 74' lang='lat' dir='ltr'><strong>fractus</strong></span> <span class='ocrx_word' id='word_1_153' title='bbox 1610 1078 1673 1108; x_wconf 91' lang='lat' dir='ltr'><strong>pro</strong></span> <span class='ocrx_word' id='word_1_154' title='bbox 1696 1077 1820 1110; x_wconf 90' lang='lat' dir='ltr'><strong>magno</strong></span> <span class='ocrx_word' id='word_1_155' title='bbox 1848 1067 1938 1109; x_wconf 86' lang='lat' dir='ltr'><strong>gelu.</strong></span> 
     </span>
    </p>

    <p class='ocr_par' dir='ltr' id='par_1_7' title="bbox 175 1117 1938 1161">
     <span class='ocr_line' id='line_1_16' title="bbox 175 1117 1938 1161; baseline -0.002 -9"><span class='ocrx_word' id='word_1_156' title='bbox 175 1120 310 1152; x_wconf 82' lang='lat' dir='ltr'><strong>Eodem</strong></span> <span class='ocrx_word' id='word_1_157' title='bbox 334 1119 523 1151; x_wconf 87' lang='lat' dir='ltr'><strong>millesimo.</strong></span> <span class='ocrx_word' id='word_1_158' title='bbox 572 1117 807 1160; x_wconf 87' lang='lat' dir='ltr'><strong>Colopnenses</strong></span> <span class='ocrx_word' id='word_1_159' title='bbox 830 1118 964 1150; x_wconf 87' lang='lat' dir='ltr'><strong>romani</strong></span> <span class='ocrx_word' id='word_1_160' title='bbox 987 1124 1199 1160; x_wconf 83' lang='lat' dir='ltr'><strong>acceperunt</strong></span> <span class='ocrx_word' id='word_1_161' title='bbox 1223 1124 1257 1149; x_wconf 85' lang='lat' dir='ltr'><strong>et</strong></span> <span class='ocrx_word' id='word_1_162' title='bbox 1280 1119 1533 1150; x_wconf 87' lang='lat' dir='ltr'><strong>derobaverunt</strong></span> <span class='ocrx_word' id='word_1_163' title='bbox 1555 1129 1715 1161; x_wconf 84' lang='lat' dir='ltr'><strong>magnum</strong></span> <span class='ocrx_word' id='word_1_164' title='bbox 1738 1120 1938 1151; x_wconf 76' lang='lat' dir='ltr'><strong>thexaurum</strong></span> 
     </span>
    </p>

    <p class='ocr_par' dir='ltr' id='par_1_8' title="bbox 26 1171 1942 1415">
     <span class='ocr_line' id='line_1_17' title="bbox 26 1171 1939 1215; baseline -0.001 -11"><span class='ocrx_word' id='word_1_165' title='bbox 26 1172 62 1204; x_wconf 89' lang='lat'><strong>15</strong></span> <span class='ocrx_word' id='word_1_166' title='bbox 88 1173 161 1204; x_wconf 88' lang='lat' dir='ltr'><strong>auri</strong></span> <span class='ocrx_word' id='word_1_167' title='bbox 180 1178 214 1204; x_wconf 91' lang='lat' dir='ltr'><strong>et</strong></span> <span class='ocrx_word' id='word_1_168' title='bbox 236 1172 373 1215; x_wconf 85' lang='lat' dir='ltr'><strong>argenti</strong></span> <span class='ocrx_word' id='word_1_169' title='bbox 397 1172 534 1204; x_wconf 84' lang='lat' dir='ltr'><strong>domino</strong></span> <span class='ocrx_word' id='word_1_170' title='bbox 558 1181 648 1213; x_wconf 87' lang='lat' dir='ltr'><strong>pape</strong></span> <span class='ocrx_word' id='word_1_171' title='bbox 672 1171 872 1203; x_wconf 78' lang='lat' dir='ltr'><strong>Bonefatio:</strong></span> <span class='ocrx_word' id='word_1_172' title='bbox 891 1181 958 1213; x_wconf 89' lang='lat' dir='ltr'><strong>qua</strong></span> <span class='ocrx_word' id='word_1_173' title='bbox 975 1171 1018 1203; x_wconf 89' lang='lat' dir='ltr'><strong>de</strong></span> <span class='ocrx_word' id='word_1_174' title='bbox 1035 1181 1138 1203; x_wconf 87' lang='lat' dir='ltr'><strong>causa</strong></span> <span class='ocrx_word' id='word_1_175' title='bbox 1153 1171 1250 1212; x_wconf 90' lang='lat' dir='ltr'><strong>Papa</strong></span> <span class='ocrx_word' id='word_1_176' title='bbox 1266 1171 1444 1212; x_wconf 87' lang='lat' dir='ltr'><strong>predictus</strong></span> <span class='ocrx_word' id='word_1_177' title='bbox 1468 1171 1617 1203; x_wconf 88' lang='lat' dir='ltr'><strong>obsedit&#39;</strong></span> <span class='ocrx_word' id='word_1_178' title='bbox 1636 1182 1694 1204; x_wconf 92' lang='lat' dir='ltr'><strong>eos</strong></span> <span class='ocrx_word' id='word_1_179' title='bbox 1716 1172 1749 1202; x_wconf 90' lang='lat' dir='ltr'><strong>in</strong></span> <span class='ocrx_word' id='word_1_180' title='bbox 1773 1172 1939 1213; x_wconf 83' lang='lat' dir='ltr'><strong>Colupna‚</strong></span> 
     </span>
     <span class='ocr_line' id='line_1_18' title="bbox 86 1223 1938 1268; baseline -0.002 -10"><span class='ocrx_word' id='word_1_181' title='bbox 86 1231 120 1258; x_wconf 83' lang='lat' dir='ltr'><strong>et</strong></span> <span class='ocrx_word' id='word_1_182' title='bbox 143 1225 301 1268; x_wconf 87' lang='lat' dir='ltr'><strong>deposuit</strong></span> <span class='ocrx_word' id='word_1_183' title='bbox 325 1226 410 1257; x_wconf 85' lang='lat' dir='ltr'><strong>duos</strong></span> <span class='ocrx_word' id='word_1_184' title='bbox 435 1224 628 1257; x_wconf 86' lang='lat' dir='ltr'><strong>cardinales</strong></span> <span class='ocrx_word' id='word_1_185' title='bbox 642 1225 663 1261; x_wconf 88' lang='lat'><strong>¹,</strong></span> <span class='ocrx_word' id='word_1_186' title='bbox 688 1224 745 1266; x_wconf 87' lang='lat' dir='ltr'><strong>qui</strong></span> <span class='ocrx_word' id='word_1_187' title='bbox 770 1230 867 1256; x_wconf 87' lang='lat' dir='ltr'><strong>erant</strong></span> <span class='ocrx_word' id='word_1_188' title='bbox 892 1225 934 1256; x_wconf 91' lang='lat' dir='ltr'><strong>de</strong></span> <span class='ocrx_word' id='word_1_189' title='bbox 959 1223 1236 1266; x_wconf 85' lang='lat' dir='ltr'><strong>Colupnensibus</strong></span> <span class='ocrx_word' id='word_1_190' title='bbox 1261 1224 1303 1256; x_wconf 88' lang='lat' dir='ltr'><strong>de</strong></span> <span class='ocrx_word' id='word_1_191' title='bbox 1327 1224 1451 1263; x_wconf 85' lang='lat' dir='ltr'><strong>Roma,</strong></span> <span class='ocrx_word' id='word_1_192' title='bbox 1475 1230 1508 1256; x_wconf 87' lang='lat' dir='ltr'><strong>et</strong></span> <span class='ocrx_word' id='word_1_193' title='bbox 1523 1224 1671 1266; x_wconf 83' lang='lat' dir='ltr'><strong>privavit</strong></span> <span class='ocrx_word' id='word_1_194' title='bbox 1690 1235 1749 1256; x_wconf 89' lang='lat' dir='ltr'><strong>eos</strong></span> <span class='ocrx_word' id='word_1_195' title='bbox 1770 1224 1938 1266; x_wconf 83' lang='lat' dir='ltr'><strong>cappello,</strong></span> 
     </span>
     <span class='ocr_line' id='line_1_19' title="bbox 87 1276 1942 1320; baseline -0.001 -11"><span class='ocrx_word' id='word_1_196' title='bbox 87 1285 120 1310; x_wconf 87' lang='lat' dir='ltr'><strong>et</strong></span> <span class='ocrx_word' id='word_1_197' title='bbox 143 1289 328 1320; x_wconf 90' lang='lat' dir='ltr'><strong>numquam</strong></span> <span class='ocrx_word' id='word_1_198' title='bbox 352 1288 371 1308; x_wconf 86' lang='lat' dir='ltr'><strong>a</strong></span> <span class='ocrx_word' id='word_1_199' title='bbox 395 1278 490 1310; x_wconf 87' lang='lat' dir='ltr'><strong>dicto</strong></span> <span class='ocrx_word' id='word_1_200' title='bbox 514 1277 610 1318; x_wconf 90' lang='lat' dir='ltr'><strong>Papa</strong></span> <span class='ocrx_word' id='word_1_201' title='bbox 633 1277 909 1308; x_wconf 88' lang='lat' dir='ltr'><strong>misericordiam</strong></span> <span class='ocrx_word' id='word_1_202' title='bbox 932 1277 1061 1308; x_wconf 88' lang='lat' dir='ltr'><strong>habere</strong></span> <span class='ocrx_word' id='word_1_203' title='bbox 1092 1282 1291 1318; x_wconf 87' lang='lat' dir='ltr'><strong>potuerunt,</strong></span> <span class='ocrx_word' id='word_1_204' title='bbox 1323 1277 1403 1319; x_wconf 83' lang='lat' dir='ltr'><strong>quia</strong></span> <span class='ocrx_word' id='word_1_205' title='bbox 1419 1277 1596 1318; x_wconf 89' lang='lat' dir='ltr'><strong>predictus</strong></span> <span class='ocrx_word' id='word_1_206' title='bbox 1626 1276 1723 1318; x_wconf 85' lang='lat' dir='ltr'><strong>Papa</strong></span> <span class='ocrx_word' id='word_1_207' title='bbox 1747 1283 1820 1309; x_wconf 89' lang='lat' dir='ltr'><strong>erat</strong></span> <span class='ocrx_word' id='word_1_208' title='bbox 1844 1277 1942 1318; x_wconf 87' lang='lat' dir='ltr'><strong>spiri-</strong></span> 
     </span>
     <span class='ocr_line' id='line_1_20' title="bbox 86 1329 1939 1374; baseline -0.002 -11"><span class='ocrx_word' id='word_1_209' title='bbox 86 1338 137 1363; x_wconf 86' lang='lat' dir='ltr'><strong>tus</strong></span> <span class='ocrx_word' id='word_1_210' title='bbox 162 1330 356 1374; x_wconf 83' lang='lat' dir='ltr'><strong>dyabolici3</strong></span> <span class='ocrx_word' id='word_1_211' title='bbox 382 1336 415 1362; x_wconf 87' lang='lat' dir='ltr'><strong>et</strong></span> <span class='ocrx_word' id='word_1_212' title='bbox 437 1330 527 1362; x_wconf 89' lang='lat' dir='ltr'><strong>bene</strong></span> <span class='ocrx_word' id='word_1_213' title='bbox 552 1329 776 1362; x_wconf 80' lang='lat' dir='ltr'><strong>demostravit</strong></span> <span class='ocrx_word' id='word_1_214' title='bbox 800 1329 834 1360; x_wconf 93' lang='lat' dir='ltr'><strong>in</strong></span> <span class='ocrx_word' id='word_1_215' title='bbox 858 1329 987 1368; x_wconf 89' lang='lat' dir='ltr'><strong>ultimo,</strong></span> <span class='ocrx_word' id='word_1_216' title='bbox 1012 1330 1092 1372; x_wconf 90' lang='lat' dir='ltr'><strong>quia</strong></span> <span class='ocrx_word' id='word_1_217' title='bbox 1115 1341 1136 1361; x_wconf 91' lang='lat' dir='ltr'><strong>a</strong></span> <span class='ocrx_word' id='word_1_218' title='bbox 1159 1330 1297 1362; x_wconf 90' lang='lat' dir='ltr'><strong>domino</strong></span> <span class='ocrx_word' id='word_1_219' title='bbox 1316 1330 1420 1362; x_wconf 87' lang='lat' dir='ltr'><strong>Sarra</strong></span> <span class='ocrx_word' id='word_1_220' title='bbox 1444 1331 1487 1361; x_wconf 91' lang='lat' dir='ltr'><strong>de</strong></span> <span class='ocrx_word' id='word_1_221' title='bbox 1510 1330 1704 1371; x_wconf 78' lang='lat' dir='ltr'><strong>Coiumpna</strong></span> <span class='ocrx_word' id='word_1_222' title='bbox 1735 1330 1858 1362; x_wconf 86' lang='lat' dir='ltr'><strong>ductus</strong></span> <span class='ocrx_word' id='word_1_223' title='bbox 1889 1335 1939 1361; x_wconf 89' lang='lat' dir='ltr'><strong>est</strong></span> 
     </span>
     <span class='ocr_line' id='line_1_21' title="bbox 88 1383 537 1415; baseline -0.002 0"><span class='ocrx_word' id='word_1_224' title='bbox 88 1384 132 1415; x_wconf 91' lang='lat' dir='ltr'><strong>ad</strong></span> <span class='ocrx_word' id='word_1_225' title='bbox 155 1384 309 1415; x_wconf 85' lang='lat' dir='ltr'><strong>ultimum</strong></span> <span class='ocrx_word' id='word_1_226' title='bbox 333 1383 435 1415; x_wconf 90' lang='lat' dir='ltr'><strong>finem</strong></span> <span class='ocrx_word' id='word_1_227' title='bbox 459 1383 537 1415; x_wconf 87' lang='lat' dir='ltr'><strong>vite.</strong></span> 
     </span>
    </p>

    <p class='ocr_par' dir='ltr' id='par_1_9' title="bbox 24 1435 1938 1521">
     <span class='ocr_line' id='line_1_22' title="bbox 24 1435 1938 1479; baseline -0.002 -10"><span class='ocrx_word' id='word_1_228' title='bbox 24 1439 65 1469; x_wconf 89' lang='lat'><strong>20</strong></span> <span class='ocrx_word' id='word_1_229' title='bbox 177 1436 311 1468; x_wconf 89' lang='lat' dir='ltr'><strong>Eodem</strong></span> <span class='ocrx_word' id='word_1_230' title='bbox 335 1436 527 1474; x_wconf 82' lang='lat' dir='ltr'><strong>millesimo,</strong></span> <span class='ocrx_word' id='word_1_231' title='bbox 553 1436 596 1468; x_wconf 89' lang='lat' dir='ltr'><strong>de</strong></span> <span class='ocrx_word' id='word_1_232' title='bbox 620 1445 739 1467; x_wconf 88' lang='lat' dir='ltr'><strong>mense</strong></span> <span class='ocrx_word' id='word_1_233' title='bbox 760 1435 848 1479; x_wconf 78' lang='lat' dir='ltr'><strong>julij.</strong></span> <span class='ocrx_word' id='word_1_234' title='bbox 884 1435 958 1467; x_wconf 80' lang='lat' dir='ltr'><strong>Pax</strong></span> <span class='ocrx_word' id='word_1_235' title='bbox 979 1436 1090 1468; x_wconf 86' lang='lat' dir='ltr'><strong>iurata</strong></span> <span class='ocrx_word' id='word_1_236' title='bbox 1114 1436 1179 1468; x_wconf 79' lang='lat' dir='ltr'><strong>fuit</strong></span> <span class='ocrx_word' id='word_1_237' title='bbox 1202 1436 1292 1467; x_wconf 92' lang='lat' dir='ltr'><strong>inter</strong></span> <span class='ocrx_word' id='word_1_238' title='bbox 1309 1435 1484 1467; x_wconf 90' lang='lat' dir='ltr'><strong>dominum</strong></span> <span class='ocrx_word' id='word_1_239' title='bbox 1508 1436 1747 1468; x_wconf 87' lang='lat' dir='ltr'><strong>Marchionem</strong></span> <span class='ocrx_word' id='word_1_240' title='bbox 1770 1441 1938 1467; x_wconf 86' lang='lat' dir='ltr'><strong>estensem</strong></span> 
     </span>
     <span class='ocr_line' id='line_1_23' title="bbox 89 1489 449 1521; baseline -0.003 0"><span class='ocrx_word' id='word_1_241' title='bbox 89 1495 123 1521; x_wconf 87' lang='lat' dir='ltr'><strong>et</strong></span> <span class='ocrx_word' id='word_1_242' title='bbox 147 1499 291 1521; x_wconf 89' lang='lat' dir='ltr'><strong>comune</strong></span> <span class='ocrx_word' id='word_1_243' title='bbox 315 1489 449 1521; x_wconf 86' lang='lat' dir='ltr'><strong>Parme.</strong></span> 
     </span>
    </p>

    <p class='ocr_par' dir='ltr' id='par_1_10' title="bbox 176 1542 1867 1584">
     <span class='ocr_line' id='line_1_24' title="bbox 176 1542 1867 1584; baseline -0.001 -9"><span class='ocrx_word' id='word_1_244' title='bbox 176 1542 309 1575; x_wconf 88' lang='lat' dir='ltr'><strong>Eodem</strong></span> <span class='ocrx_word' id='word_1_245' title='bbox 325 1542 516 1580; x_wconf 85' lang='lat' dir='ltr'><strong>millesimo,</strong></span> <span class='ocrx_word' id='word_1_246' title='bbox 542 1542 598 1574; x_wconf 88' lang='lat' dir='ltr'><strong>die</strong></span> <span class='ocrx_word' id='word_1_247' title='bbox 621 1552 645 1574; x_wconf 89' lang='lat' dir='ltr'>v</span> <span class='ocrx_word' id='word_1_248' title='bbox 662 1542 807 1584; x_wconf 83' lang='lat' dir='ltr'><strong>augusti.</strong></span> <span class='ocrx_word' id='word_1_249' title='bbox 839 1542 1002 1574; x_wconf 82' lang='lat' dir='ltr'><strong>Relaxati</strong></span> <span class='ocrx_word' id='word_1_250' title='bbox 1016 1548 1095 1574; x_wconf 89' lang='lat' dir='ltr'><strong>sunt</strong></span> <span class='ocrx_word' id='word_1_251' title='bbox 1108 1553 1225 1574; x_wconf 90' lang='lat' dir='ltr'><strong>omnes</strong></span> <span class='ocrx_word' id='word_1_252' title='bbox 1242 1542 1409 1574; x_wconf 86' lang='lat' dir='ltr'><strong>carcerati</strong></span> <span class='ocrx_word' id='word_1_253' title='bbox 1426 1549 1568 1584; x_wconf 87' lang='lat' dir='ltr'><strong>propter</strong></span> <span class='ocrx_word' id='word_1_254' title='bbox 1585 1542 1711 1574; x_wconf 86' lang='lat' dir='ltr'><strong>dictam</strong></span> <span class='ocrx_word' id='word_1_255' title='bbox 1736 1552 1867 1584; x_wconf 87' lang='lat' dir='ltr'><strong>pacem.</strong></span> 
     </span>
    </p>
   </div>
   <div class='ocr_carea' id='block_1_6' title="bbox 820 1662 1212 1705">
    <p class='ocr_par' dir='ltr' id='par_1_11' title="bbox 820 1662 1212 1705">
     <span class='ocr_line' id='line_1_25' title="bbox 820 1662 1212 1705; baseline 0.003 -12"><span class='ocrx_word' id='word_1_256' title='bbox 820 1662 1212 1705; x_wconf 88' lang='lat' dir='ltr'><strong>MCCLXXXXVIHJ.</strong></span> 
     </span>
    </p>
   </div>
   <div class='ocr_carea' id='block_1_7' title="bbox 23 1748 1942 2636">
    <p class='ocr_par' dir='ltr' id='par_1_12' title="bbox 23 1748 1941 2109">
     <span class='ocr_line' id='line_1_26' title="bbox 175 1748 1941 1781; baseline -0.001 0"><span class='ocrx_word' id='word_1_257' title='bbox 175 1750 228 1781; x_wconf 91' lang='lat' dir='ltr'><strong>De</strong></span> <span class='ocrx_word' id='word_1_258' title='bbox 251 1758 368 1781; x_wconf 87' lang='lat' dir='ltr'><strong>mense</strong></span> <span class='ocrx_word' id='word_1_259' title='bbox 393 1749 571 1781; x_wconf 78' lang='lat' dir='ltr'><strong>februarii.</strong></span> <span class='ocrx_word' id='word_1_260' title='bbox 608 1749 682 1780; x_wconf 86' lang='lat' dir='ltr'><strong>Pax</strong></span> <span class='ocrx_word' id='word_1_261' title='bbox 705 1749 800 1781; x_wconf 78' lang='lat' dir='ltr'><strong>facta</strong></span> <span class='ocrx_word' id='word_1_262' title='bbox 817 1754 867 1780; x_wconf 88' lang='lat' dir='ltr'><strong>est</strong></span> <span class='ocrx_word' id='word_1_263' title='bbox 883 1749 974 1781; x_wconf 85' lang='lat' dir='ltr'><strong>inter</strong></span> <span class='ocrx_word' id='word_1_264' title='bbox 990 1748 1167 1780; x_wconf 88' lang='lat' dir='ltr'><strong>dominum</strong></span> <span class='ocrx_word' id='word_1_265' title='bbox 1192 1748 1431 1780; x_wconf 86' lang='lat' dir='ltr'><strong>Marchionem</strong></span> <span class='ocrx_word' id='word_1_266' title='bbox 1455 1755 1624 1780; x_wconf 88' lang='lat' dir='ltr'><strong>estensem</strong></span> <span class='ocrx_word' id='word_1_267' title='bbox 1648 1755 1682 1781; x_wconf 90' lang='lat' dir='ltr'><strong>et</strong></span> <span class='ocrx_word' id='word_1_268' title='bbox 1705 1759 1850 1780; x_wconf 88' lang='lat' dir='ltr'><strong>comune</strong></span> <span class='ocrx_word' id='word_1_269' title='bbox 1873 1748 1941 1779; x_wconf 92' lang='lat' dir='ltr'><strong>Bo-</strong></span> 
     </span>
     <span class='ocr_line' id='line_1_27' title="bbox 23 1801 1940 1844; baseline -0.001 -10"><span class='ocrx_word' id='word_1_270' title='bbox 23 1802 64 1834; x_wconf 89' lang='lat'><strong>25</strong></span> <span class='ocrx_word' id='word_1_271' title='bbox 88 1802 190 1835; x_wconf 86' lang='lat' dir='ltr'><strong>nonie</strong></span> <span class='ocrx_word' id='word_1_272' title='bbox 214 1812 257 1834; x_wconf 84' lang='lat' dir='ltr'><strong>ex</strong></span> <span class='ocrx_word' id='word_1_273' title='bbox 280 1803 362 1833; x_wconf 86' lang='lat' dir='ltr'><strong>alia:</strong></span> <span class='ocrx_word' id='word_1_274' title='bbox 387 1813 455 1844; x_wconf 92' lang='lat' dir='ltr'><strong>qua</strong></span> <span class='ocrx_word' id='word_1_275' title='bbox 479 1813 583 1834; x_wconf 88' lang='lat' dir='ltr'><strong>causa</strong></span> <span class='ocrx_word' id='word_1_276' title='bbox 606 1802 719 1833; x_wconf 86' lang='lat' dir='ltr'><strong>dictus</strong></span> <span class='ocrx_word' id='word_1_277' title='bbox 736 1802 892 1833; x_wconf 85' lang='lat' dir='ltr'><strong>dominus</strong></span> <span class='ocrx_word' id='word_1_278' title='bbox 910 1802 1066 1833; x_wconf 90' lang='lat' dir='ltr'><strong>Marchio</strong></span> <span class='ocrx_word' id='word_1_279' title='bbox 1082 1802 1185 1833; x_wconf 86' lang='lat' dir='ltr'><strong>rediit</strong></span> <span class='ocrx_word' id='word_1_280' title='bbox 1202 1802 1393 1834; x_wconf 82' lang='lat' dir='ltr'><strong>Ferrariam</strong></span> <span class='ocrx_word' id='word_1_281' title='bbox 1410 1802 1445 1832; x_wconf 89' lang='lat' dir='ltr'><strong>in</strong></span> <span class='ocrx_word' id='word_1_282' title='bbox 1470 1801 1698 1843; x_wconf 88' lang='lat' dir='ltr'><strong>carnisprivio</strong></span> <span class='ocrx_word' id='word_1_283' title='bbox 1722 1812 1800 1833; x_wconf 91' lang='lat' dir='ltr'><strong>cum</strong></span> <span class='ocrx_word' id='word_1_284' title='bbox 1816 1811 1940 1843; x_wconf 83' lang='lat' dir='ltr'><strong>magna</strong></span> 
     </span>
     <span class='ocr_line' id='line_1_28' title="bbox 90 1854 1939 1897; baseline -0.001 -10"><span class='ocrx_word' id='word_1_285' title='bbox 90 1855 207 1893; x_wconf 83' lang='lat' dir='ltr'><strong>letitia3</strong></span> <span class='ocrx_word' id='word_1_286' title='bbox 234 1862 267 1887; x_wconf 90' lang='lat' dir='ltr'><strong>et</strong></span> <span class='ocrx_word' id='word_1_287' title='bbox 290 1866 352 1897; x_wconf 89' lang='lat' dir='ltr'><strong>per</strong></span> <span class='ocrx_word' id='word_1_288' title='bbox 374 1856 491 1897; x_wconf 90' lang='lat' dir='ltr'><strong>plures</strong></span> <span class='ocrx_word' id='word_1_289' title='bbox 515 1855 589 1887; x_wconf 86' lang='lat' dir='ltr'><strong>dies</strong></span> <span class='ocrx_word' id='word_1_290' title='bbox 613 1865 776 1897; x_wconf 82' lang='lat' dir='ltr'><strong>magnum</strong></span> <span class='ocrx_word' id='word_1_291' title='bbox 793 1855 955 1897; x_wconf 82' lang='lat' dir='ltr'><strong>gaudium</strong></span> <span class='ocrx_word' id='word_1_292' title='bbox 972 1855 1103 1886; x_wconf 80' lang='lat' dir='ltr'><strong>factum</strong></span> <span class='ocrx_word' id='word_1_293' title='bbox 1121 1860 1172 1886; x_wconf 89' lang='lat' dir='ltr'><strong>est</strong></span> <span class='ocrx_word' id='word_1_294' title='bbox 1188 1865 1250 1896; x_wconf 87' lang='lat' dir='ltr'><strong>per</strong></span> <span class='ocrx_word' id='word_1_295' title='bbox 1265 1861 1372 1887; x_wconf 86' lang='lat' dir='ltr'><strong>totam</strong></span> <span class='ocrx_word' id='word_1_296' title='bbox 1390 1855 1564 1886; x_wconf 84' lang='lat' dir='ltr'><strong>civitatem</strong></span> <span class='ocrx_word' id='word_1_297' title='bbox 1580 1854 1746 1886; x_wconf 87' lang='lat' dir='ltr'><strong>Ferrarie.</strong></span> <span class='ocrx_word' id='word_1_298' title='bbox 1789 1854 1834 1886; x_wconf 89' lang='lat' dir='ltr'><strong>Et</strong></span> <span class='ocrx_word' id='word_1_299' title='bbox 1857 1860 1939 1886; x_wconf 88' lang='lat' dir='ltr'><strong>tunc</strong></span> 
     </span>
     <span class='ocr_line' id='line_1_29' title="bbox 90 1907 1941 1951; baseline -0.001 -11"><span class='ocrx_word' id='word_1_300' title='bbox 90 1909 247 1940; x_wconf 88' lang='lat' dir='ltr'><strong>dominus</strong></span> <span class='ocrx_word' id='word_1_301' title='bbox 271 1908 431 1940; x_wconf 89' lang='lat' dir='ltr'><strong>Marchio</strong></span> <span class='ocrx_word' id='word_1_302' title='bbox 454 1909 592 1940; x_wconf 83' lang='lat' dir='ltr'><strong>remixit</strong></span> <span class='ocrx_word' id='word_1_303' title='bbox 615 1919 734 1940; x_wconf 87' lang='lat' dir='ltr'><strong>omnes</strong></span> <span class='ocrx_word' id='word_1_304' title='bbox 756 1908 908 1951; x_wconf 81' lang='lat' dir='ltr'><strong>gabellas</strong></span> <span class='ocrx_word' id='word_1_305' title='bbox 932 1914 965 1940; x_wconf 87' lang='lat' dir='ltr'><strong>et</strong></span> <span class='ocrx_word' id='word_1_306' title='bbox 980 1907 1149 1950; x_wconf 85' lang='lat' dir='ltr'><strong>pedagios</strong></span> <span class='ocrx_word' id='word_1_307' title='bbox 1173 1914 1207 1939; x_wconf 89' lang='lat' dir='ltr'><strong>et</strong></span> <span class='ocrx_word' id='word_1_308' title='bbox 1231 1908 1358 1939; x_wconf 79' lang='lat' dir='ltr'><strong>fundos</strong></span> <span class='ocrx_word' id='word_1_309' title='bbox 1382 1908 1519 1939; x_wconf 89' lang='lat' dir='ltr'><strong>navium</strong></span> <span class='ocrx_word' id='word_1_310' title='bbox 1532 1918 1595 1949; x_wconf 89' lang='lat' dir='ltr'><strong>per</strong></span> <span class='ocrx_word' id='word_1_311' title='bbox 1617 1913 1725 1939; x_wconf 86' lang='lat' dir='ltr'><strong>totum</strong></span> <span class='ocrx_word' id='word_1_312' title='bbox 1750 1907 1941 1939; x_wconf 88' lang='lat' dir='ltr'><strong>districtum</strong></span> 
     </span>
     <span class='ocr_line' id='line_1_30' title="bbox 89 1961 260 1994; baseline -0.006 0"><span class='ocrx_word' id='word_1_313' title='bbox 89 1961 260 1994; x_wconf 85' lang='lat' dir='ltr'><strong>Ferrarie.</strong></span> 
     </span>
     <span class='ocr_line' id='line_1_31' title="bbox 176 2013 1941 2057; baseline -0.002 -11"><span class='ocrx_word' id='word_1_314' title='bbox 176 2015 309 2046; x_wconf 88' lang='lat' dir='ltr'><strong>Eodem</strong></span> <span class='ocrx_word' id='word_1_315' title='bbox 322 2014 501 2046; x_wconf 89' lang='lat' dir='ltr'><strong>millesimo</strong></span> <span class='ocrx_word' id='word_1_316' title='bbox 515 2014 536 2046; x_wconf 75' lang='lat'><strong>².</strong></span> <span class='ocrx_word' id='word_1_317' title='bbox 564 2015 754 2057; x_wconf 87' lang='lat' dir='ltr'><strong>Januenses</strong></span> <span class='ocrx_word' id='word_1_318' title='bbox 771 2014 1021 2046; x_wconf 79' lang='lat' dir='ltr'><strong>conflicxerunt</strong></span> <span class='ocrx_word' id='word_1_319' title='bbox 1037 2014 1227 2046; x_wconf 87' lang='lat' dir='ltr'><strong>Veneticos</strong></span> <span class='ocrx_word' id='word_1_320' title='bbox 1244 2014 1280 2045; x_wconf 92' lang='lat' dir='ltr'><strong>in</strong></span> <span class='ocrx_word' id='word_1_321' title='bbox 1296 2015 1385 2052; x_wconf 88' lang='grc'><strong>1000,</strong></span> <span class='ocrx_word' id='word_1_322' title='bbox 1402 2014 1461 2046; x_wconf 89' lang='lat' dir='ltr'><strong>ubi</strong></span> <span class='ocrx_word' id='word_1_323' title='bbox 1479 2014 1606 2045; x_wconf 88' lang='lat' dir='ltr'><strong>dicitur</strong></span> <span class='ocrx_word' id='word_1_324' title='bbox 1622 2013 1781 2056; x_wconf 74' lang='lat' dir='ltr'><strong>Crucuia,</strong></span> <span class='ocrx_word' id='word_1_325' title='bbox 1800 2018 1833 2044; x_wconf 88' lang='lat' dir='ltr'><strong>et</strong></span> <span class='ocrx_word' id='word_1_326' title='bbox 1850 2023 1941 2044; x_wconf 91' lang='lat' dir='ltr'><strong>mor-</strong></span> 
     </span>
     <span class='ocr_line' id='line_1_32' title="bbox 26 2066 1788 2109; baseline -0.001 -10"><span class='ocrx_word' id='word_1_327' title='bbox 26 2069 66 2100; x_wconf 81' lang='lat'><strong>30</strong></span> <span class='ocrx_word' id='word_1_328' title='bbox 90 2067 136 2099; x_wconf 89' lang='lat' dir='ltr'><strong>tui</strong></span> <span class='ocrx_word' id='word_1_329' title='bbox 159 2073 236 2099; x_wconf 85' lang='lat' dir='ltr'><strong>sunt</strong></span> <span class='ocrx_word' id='word_1_330' title='bbox 260 2068 304 2099; x_wconf 87' lang='lat' dir='ltr'><strong>de</strong></span> <span class='ocrx_word' id='word_1_331' title='bbox 328 2067 504 2099; x_wconf 88' lang='lat' dir='ltr'><strong>Veneticis</strong></span> <span class='ocrx_word' id='word_1_332' title='bbox 528 2067 614 2099; x_wconf 91' lang='lat' dir='ltr'><strong>bene</strong></span> <span class='ocrx_word' id='word_1_333' title='bbox 639 2070 740 2107; x_wconf 81' lang='lat' dir='ltr'><strong>vm¹¹³‚</strong></span> <span class='ocrx_word' id='word_1_334' title='bbox 764 2074 798 2099; x_wconf 86' lang='lat' dir='ltr'><strong>et</strong></span> <span class='ocrx_word' id='word_1_335' title='bbox 823 2067 991 2099; x_wconf 85' lang='lat' dir='ltr'><strong>carcerati</strong></span> <span class='ocrx_word' id='word_1_336' title='bbox 1016 2067 1109 2098; x_wconf 82' lang='lat' dir='ltr'><strong>circa</strong></span> <span class='ocrx_word' id='word_1_337' title='bbox 1125 2070 1184 2098; x_wconf 69' lang='lat' dir='ltr'><strong>VIm</strong></span> <span class='ocrx_word' id='word_1_338' title='bbox 1207 2070 1248 2097; x_wconf 83' lang='lat' dir='ltr'><strong>Vc</strong></span> <span class='ocrx_word' id='word_1_339' title='bbox 1271 2067 1307 2098; x_wconf 89' lang='lat' dir='ltr'><strong>in</strong></span> <span class='ocrx_word' id='word_1_340' title='bbox 1332 2066 1532 2098; x_wconf 85' lang='lat' dir='ltr'><strong>carceribus</strong></span> <span class='ocrx_word' id='word_1_341' title='bbox 1554 2066 1788 2109; x_wconf 87' lang='lat' dir='ltr'><strong>Januensium.</strong></span> 
     </span>
    </p>

    <p class='ocr_par' dir='ltr' id='par_1_13' title="bbox 179 2117 1744 2162">
     <span class='ocr_line' id='line_1_33' title="bbox 179 2117 1744 2162; baseline -0.001 -10"><span class='ocrx_word' id='word_1_342' title='bbox 179 2120 310 2152; x_wconf 91' lang='lat' dir='ltr'><strong>Eodem</strong></span> <span class='ocrx_word' id='word_1_343' title='bbox 334 2120 524 2158; x_wconf 83' lang='lat' dir='ltr'><strong>millesimo,</strong></span> <span class='ocrx_word' id='word_1_344' title='bbox 549 2121 592 2152; x_wconf 87' lang='lat' dir='ltr'><strong>de</strong></span> <span class='ocrx_word' id='word_1_345' title='bbox 617 2131 734 2152; x_wconf 88' lang='lat' dir='ltr'><strong>mense</strong></span> <span class='ocrx_word' id='word_1_346' title='bbox 758 2120 874 2162; x_wconf 83' lang='lat' dir='ltr'><strong>madij.</strong></span> <span class='ocrx_word' id='word_1_347' title='bbox 910 2120 1019 2151; x_wconf 88' lang='lat' dir='ltr'><strong>Facta</strong></span> <span class='ocrx_word' id='word_1_348' title='bbox 1036 2125 1087 2151; x_wconf 89' lang='lat' dir='ltr'><strong>est</strong></span> <span class='ocrx_word' id='word_1_349' title='bbox 1102 2130 1170 2161; x_wconf 80' lang='lat' dir='ltr'><strong>pax</strong></span> <span class='ocrx_word' id='word_1_350' title='bbox 1186 2120 1276 2150; x_wconf 88' lang='lat' dir='ltr'><strong>inter</strong></span> <span class='ocrx_word' id='word_1_351' title='bbox 1293 2119 1482 2161; x_wconf 87' lang='lat' dir='ltr'><strong>Januenses</strong></span> <span class='ocrx_word' id='word_1_352' title='bbox 1504 2124 1538 2150; x_wconf 91' lang='lat' dir='ltr'><strong>et</strong></span> <span class='ocrx_word' id='word_1_353' title='bbox 1561 2118 1712 2150; x_wconf 89' lang='lat' dir='ltr'><strong>Venetos</strong></span> <span class='ocrx_word' id='word_1_354' title='bbox 1721 2117 1744 2150; x_wconf 72' lang='lat'><strong>³.</strong></span> 
     </span>
    </p>

    <p class='ocr_par' dir='ltr' id='par_1_14' title="bbox 92 2170 1942 2322">
     <span class='ocr_line' id='line_1_34' title="bbox 178 2170 1942 2217; baseline -0.002 -12"><span class='ocrx_word' id='word_1_355' title='bbox 178 2173 312 2205; x_wconf 88' lang='lat' dir='ltr'><strong>Eodem</strong></span> <span class='ocrx_word' id='word_1_356' title='bbox 337 2173 530 2212; x_wconf 86' lang='lat' dir='ltr'><strong>millesimo,</strong></span> <span class='ocrx_word' id='word_1_357' title='bbox 555 2174 598 2205; x_wconf 88' lang='lat' dir='ltr'><strong>de</strong></span> <span class='ocrx_word' id='word_1_358' title='bbox 622 2184 738 2205; x_wconf 89' lang='lat' dir='ltr'><strong>mense</strong></span> <span class='ocrx_word' id='word_1_359' title='bbox 762 2174 862 2217; x_wconf 81' lang='lat' dir='ltr'><strong>junii.</strong></span> <span class='ocrx_word' id='word_1_360' title='bbox 894 2173 1062 2205; x_wconf 88' lang='lat' dir='ltr'><strong>Dominus</strong></span> <span class='ocrx_word' id='word_1_361' title='bbox 1085 2173 1239 2204; x_wconf 89' lang='lat' dir='ltr'><strong>marchio</strong></span> <span class='ocrx_word' id='word_1_362' title='bbox 1262 2171 1359 2215; x_wconf 77' lang='lat' dir='ltr'><strong>Acco</strong></span> <span class='ocrx_word' id='word_1_363' title='bbox 1383 2172 1528 2204; x_wconf 83' lang='lat' dir='ltr'><strong>estensis</strong></span> <span class='ocrx_word' id='word_1_364' title='bbox 1553 2183 1631 2203; x_wconf 89' lang='lat' dir='ltr'><strong>cum</strong></span> <span class='ocrx_word' id='word_1_365' title='bbox 1658 2181 1783 2214; x_wconf 87' lang='lat' dir='ltr'><strong>magna</strong></span> <span class='ocrx_word' id='word_1_366' title='bbox 1805 2170 1942 2212; x_wconf 85' lang='lat' dir='ltr'><strong>quanti-</strong></span> 
     </span>
     <span class='ocr_line' id='line_1_35' title="bbox 92 2224 1940 2268; baseline -0.002 -10"><span class='ocrx_word' id='word_1_367' title='bbox 92 2232 160 2258; x_wconf 89' lang='lat' dir='ltr'><strong>tate</strong></span> <span class='ocrx_word' id='word_1_368' title='bbox 184 2226 328 2257; x_wconf 86' lang='lat' dir='ltr'><strong>militum</strong></span> <span class='ocrx_word' id='word_1_369' title='bbox 358 2232 392 2258; x_wconf 88' lang='lat' dir='ltr'><strong>et</strong></span> <span class='ocrx_word' id='word_1_370' title='bbox 421 2226 585 2268; x_wconf 83' lang='lat' dir='ltr'><strong>peditum,</strong></span> <span class='ocrx_word' id='word_1_371' title='bbox 611 2237 688 2258; x_wconf 85' lang='lat' dir='ltr'><strong>cum</strong></span> <span class='ocrx_word' id='word_1_372' title='bbox 712 2226 841 2268; x_wconf 88' lang='lat' dir='ltr'><strong>pulcris</strong></span> <span class='ocrx_word' id='word_1_373' title='bbox 866 2226 1013 2257; x_wconf 76' lang='lat' dir='ltr'><strong>arnexiis</strong></span> <span class='ocrx_word' id='word_1_374' title='bbox 1037 2226 1205 2267; x_wconf 85' lang='lat' dir='ltr'><strong>separavit</strong></span> <span class='ocrx_word' id='word_1_375' title='bbox 1228 2235 1263 2256; x_wconf 89' lang='lat' dir='ltr'><strong>se</strong></span> <span class='ocrx_word' id='word_1_376' title='bbox 1287 2225 1434 2263; x_wconf 84' lang='lat' dir='ltr'><strong>Mutina,</strong></span> <span class='ocrx_word' id='word_1_377' title='bbox 1459 2230 1493 2256; x_wconf 89' lang='lat' dir='ltr'><strong>et</strong></span> <span class='ocrx_word' id='word_1_378' title='bbox 1516 2225 1579 2256; x_wconf 86' lang='lat' dir='ltr'><strong>ivit</strong></span> <span class='ocrx_word' id='word_1_379' title='bbox 1602 2224 1636 2255; x_wconf 92' lang='lat' dir='ltr'><strong>in</strong></span> <span class='ocrx_word' id='word_1_380' title='bbox 1660 2224 1849 2256; x_wconf 85' lang='lat' dir='ltr'><strong>subsidium</strong></span> <span class='ocrx_word' id='word_1_381' title='bbox 1882 2232 1940 2254; x_wconf 89' lang='lat' dir='ltr'><strong>co-</strong></span> 
     </span>
     <span class='ocr_line' id='line_1_36' title="bbox 92 2276 1941 2322; baseline -0.002 -12"><span class='ocrx_word' id='word_1_382' title='bbox 92 2280 203 2311; x_wconf 88' lang='lat' dir='ltr'><strong>munis</strong></span> <span class='ocrx_word' id='word_1_383' title='bbox 226 2279 408 2317; x_wconf 88' lang='lat' dir='ltr'><strong>Cremone,</strong></span> <span class='ocrx_word' id='word_1_384' title='bbox 433 2280 491 2321; x_wconf 91' lang='lat' dir='ltr'><strong>qui</strong></span> <span class='ocrx_word' id='word_1_385' title='bbox 515 2279 766 2312; x_wconf 85' lang='lat' dir='ltr'><strong>Cremonenses</strong></span> <span class='ocrx_word' id='word_1_386' title='bbox 789 2289 948 2322; x_wconf 81' lang='lat' dir='ltr'><strong>guerram</strong></span> <span class='ocrx_word' id='word_1_387' title='bbox 972 2278 1146 2310; x_wconf 89' lang='lat' dir='ltr'><strong>habebant</strong></span> <span class='ocrx_word' id='word_1_388' title='bbox 1169 2289 1247 2309; x_wconf 91' lang='lat' dir='ltr'><strong>cum</strong></span> <span class='ocrx_word' id='word_1_389' title='bbox 1272 2278 1410 2310; x_wconf 90' lang='lat' dir='ltr'><strong>domino</strong></span> <span class='ocrx_word' id='word_1_390' title='bbox 1426 2278 1560 2309; x_wconf 78' lang='lat' dir='ltr'><strong>Maffeo</strong></span> <span class='ocrx_word' id='word_1_391' title='bbox 1576 2277 1789 2309; x_wconf 82' lang='lat' dir='ltr'><strong>vicecomite</strong></span> <span class='ocrx_word' id='word_1_392' title='bbox 1806 2277 1849 2308; x_wconf 93' lang='lat' dir='ltr'><strong>de</strong></span> <span class='ocrx_word' id='word_1_393' title='bbox 1866 2276 1941 2308; x_wconf 84' lang='lat' dir='ltr'><strong>Me-</strong></span> 
     </span>
    </p>

    <p class='ocr_par' dir='ltr' id='par_1_15' title="bbox 28 2327 1942 2584">
     <span class='ocr_line' id='line_1_37' title="bbox 28 2327 1941 2373; baseline -0.002 -11"><span class='ocrx_word' id='word_1_394' title='bbox 28 2331 67 2363; x_wconf 85' lang='lat'><strong>35</strong></span> <span class='ocrx_word' id='word_1_395' title='bbox 92 2332 247 2369; x_wconf 90' lang='lat' dir='ltr'><strong>diolano;</strong></span> <span class='ocrx_word' id='word_1_396' title='bbox 272 2338 306 2364; x_wconf 86' lang='lat' dir='ltr'><strong>et</strong></span> <span class='ocrx_word' id='word_1_397' title='bbox 329 2331 459 2373; x_wconf 83' lang='lat' dir='ltr'><strong>pluries</strong></span> <span class='ocrx_word' id='word_1_398' title='bbox 483 2332 665 2364; x_wconf 88' lang='lat' dir='ltr'><strong>voluerunt</strong></span> <span class='ocrx_word' id='word_1_399' title='bbox 689 2333 941 2364; x_wconf 88' lang='lat' dir='ltr'><strong>Cremonenses</strong></span> <span class='ocrx_word' id='word_1_400' title='bbox 964 2331 1103 2373; x_wconf 78' lang='lat' dir='ltr'><strong>preiiari</strong></span> <span class='ocrx_word' id='word_1_401' title='bbox 1127 2341 1205 2362; x_wconf 88' lang='lat' dir='ltr'><strong>cum</strong></span> <span class='ocrx_word' id='word_1_402' title='bbox 1236 2330 1391 2370; x_wconf 85' lang='lat' dir='ltr'><strong>inimicis,</strong></span> <span class='ocrx_word' id='word_1_403' title='bbox 1416 2331 1478 2362; x_wconf 89' lang='lat' dir='ltr'><strong>nisi</strong></span> <span class='ocrx_word' id='word_1_404' title='bbox 1503 2330 1659 2362; x_wconf 87' lang='lat' dir='ltr'><strong>dominus</strong></span> <span class='ocrx_word' id='word_1_405' title='bbox 1683 2329 1842 2361; x_wconf 90' lang='lat' dir='ltr'><strong>Marchio</strong></span> <span class='ocrx_word' id='word_1_406' title='bbox 1874 2327 1941 2360; x_wconf 88' lang='lat' dir='ltr'><strong>suis</strong></span> 
     </span>
     <span class='ocr_line' id='line_1_38' title="bbox 93 2382 1942 2426; baseline -0.002 -11"><span class='ocrx_word' id='word_1_407' title='bbox 93 2384 218 2416; x_wconf 89' lang='lat' dir='ltr'><strong>licteris</strong></span> <span class='ocrx_word' id='word_1_408' title='bbox 242 2394 311 2416; x_wconf 92' lang='lat' dir='ltr'><strong>non</strong></span> <span class='ocrx_word' id='word_1_409' title='bbox 335 2384 563 2426; x_wconf 88' lang='lat' dir='ltr'><strong>permictebat</strong></span> <span class='ocrx_word' id='word_1_410' title='bbox 581 2395 638 2416; x_wconf 88' lang='lat' dir='ltr'><strong>eos</strong></span> <span class='ocrx_word' id='word_1_411' title='bbox 660 2385 709 2417; x_wconf 89' lang='lat' dir='ltr'><strong>ire</strong></span> <span class='ocrx_word' id='word_1_412' title='bbox 734 2385 778 2416; x_wconf 89' lang='lat' dir='ltr'><strong>ad</strong></span> <span class='ocrx_word' id='word_1_413' title='bbox 801 2385 945 2426; x_wconf 83' lang='lat' dir='ltr'><strong>prelium</strong></span> <span class='ocrx_word' id='word_1_414' title='bbox 972 2394 1049 2415; x_wconf 93' lang='lat' dir='ltr'><strong>cum</strong></span> <span class='ocrx_word' id='word_1_415' title='bbox 1074 2384 1212 2415; x_wconf 90' lang='lat' dir='ltr'><strong>domino</strong></span> <span class='ocrx_word' id='word_1_416' title='bbox 1237 2383 1368 2415; x_wconf 80' lang='lat' dir='ltr'><strong>Maffeo</strong></span> <span class='ocrx_word' id='word_1_417' title='bbox 1394 2390 1427 2415; x_wconf 85' lang='lat' dir='ltr'><strong>et</strong></span> <span class='ocrx_word' id='word_1_418' title='bbox 1449 2383 1518 2414; x_wconf 90' lang='lat' dir='ltr'><strong>suis</strong></span> <span class='ocrx_word' id='word_1_419' title='bbox 1542 2383 1614 2414; x_wconf 87' lang='lat' dir='ltr'><strong>sine</strong></span> <span class='ocrx_word' id='word_1_420' title='bbox 1631 2383 1717 2424; x_wconf 87' lang='lat' dir='ltr'><strong>ipso.</strong></span> <span class='ocrx_word' id='word_1_421' title='bbox 1756 2382 1811 2413; x_wconf 90' lang='lat' dir='ltr'><strong>Illi</strong></span> <span class='ocrx_word' id='word_1_422' title='bbox 1827 2387 1942 2413; x_wconf 85' lang='lat' dir='ltr'><strong>tamen</strong></span> 
     </span>
     <span class='ocr_line' id='line_1_39' title="bbox 92 2434 1941 2479; baseline -0.002 -10"><span class='ocrx_word' id='word_1_423' title='bbox 92 2444 235 2479; x_wconf 87' lang='lat' dir='ltr'><strong>propter</strong></span> <span class='ocrx_word' id='word_1_424' title='bbox 258 2437 387 2469; x_wconf 85' lang='lat' dir='ltr'><strong>&#39;eorum</strong></span> <span class='ocrx_word' id='word_1_425' title='bbox 411 2438 588 2469; x_wconf 83' lang='lat' dir='ltr'><strong>stultitiam</strong></span> <span class='ocrx_word' id='word_1_426' title='bbox 613 2438 685 2469; x_wconf 88' lang='lat' dir='ltr'><strong>sine</strong></span> <span class='ocrx_word' id='word_1_427' title='bbox 711 2438 850 2470; x_wconf 86' lang='lat' dir='ltr'><strong>domino</strong></span> <span class='ocrx_word' id='word_1_428' title='bbox 868 2437 1071 2468; x_wconf 89' lang='lat' dir='ltr'><strong>Marchione</strong></span> <span class='ocrx_word' id='word_1_429' title='bbox 1096 2437 1249 2468; x_wconf 77' lang='lat' dir='ltr'><strong>exierunt</strong></span> <span class='ocrx_word' id='word_1_430' title='bbox 1281 2437 1325 2467; x_wconf 88' lang='lat' dir='ltr'><strong>ad</strong></span> <span class='ocrx_word' id='word_1_431' title='bbox 1343 2446 1510 2477; x_wconf 87' lang='lat' dir='ltr'><strong>campum.</strong></span> <span class='ocrx_word' id='word_1_432' title='bbox 1548 2435 1768 2477; x_wconf 86' lang='lat' dir='ltr'><strong>Quapropter</strong></span> <span class='ocrx_word' id='word_1_433' title='bbox 1784 2434 1941 2467; x_wconf 86' lang='lat' dir='ltr'><strong>dominus</strong></span> 
     </span>
     <span class='ocr_line' id='line_1_40' title="bbox 94 2486 1937 2532; baseline -0.002 -11"><span class='ocrx_word' id='word_1_434' title='bbox 94 2490 252 2522; x_wconf 85' lang='lat' dir='ltr'><strong>Marchio</strong></span> <span class='ocrx_word' id='word_1_435' title='bbox 276 2490 417 2521; x_wconf 87' lang='lat' dir='ltr'><strong>multum</strong></span> <span class='ocrx_word' id='word_1_436' title='bbox 441 2500 476 2521; x_wconf 90' lang='lat' dir='ltr'><strong>se</strong></span> <span class='ocrx_word' id='word_1_437' title='bbox 501 2490 620 2528; x_wconf 89' lang='lat' dir='ltr'><strong>doluit,</strong></span> <span class='ocrx_word' id='word_1_438' title='bbox 646 2490 726 2532; x_wconf 87' lang='lat' dir='ltr'><strong>quia</strong></span> <span class='ocrx_word' id='word_1_439' title='bbox 749 2490 853 2521; x_wconf 88' lang='lat' dir='ltr'><strong>aliter</strong></span> <span class='ocrx_word' id='word_1_440' title='bbox 876 2490 994 2521; x_wconf 80' lang='lat' dir='ltr'><strong>facere</strong></span> <span class='ocrx_word' id='word_1_441' title='bbox 1018 2489 1233 2526; x_wconf 84' lang='lat' dir='ltr'><strong>intendebat3</strong></span> <span class='ocrx_word' id='word_1_442' title='bbox 1257 2495 1308 2521; x_wconf 85' lang='lat' dir='ltr'><strong>set</strong></span> <span class='ocrx_word' id='word_1_443' title='bbox 1331 2488 1580 2520; x_wconf 89' lang='lat' dir='ltr'><strong>Cremonenses</strong></span> <span class='ocrx_word' id='word_1_444' title='bbox 1604 2494 1787 2529; x_wconf 83' lang='lat' dir='ltr'><strong>expectare</strong></span> <span class='ocrx_word' id='word_1_445' title='bbox 1819 2486 1937 2518; x_wconf 89' lang='lat' dir='ltr'><strong>nolue-</strong></span> 
     </span>
     <span class='ocr_line' id='line_1_41' title="bbox 93 2538 1936 2584; baseline -0.002 -12"><span class='ocrx_word' id='word_1_446' title='bbox 93 2548 188 2578; x_wconf 88' lang='lat' dir='ltr'><strong>runt;</strong></span> <span class='ocrx_word' id='word_1_447' title='bbox 212 2548 246 2573; x_wconf 88' lang='lat' dir='ltr'><strong>et</strong></span> <span class='ocrx_word' id='word_1_448' title='bbox 268 2547 463 2583; x_wconf 85' lang='lat' dir='ltr'><strong>poxuerunt</strong></span> <span class='ocrx_word' id='word_1_449' title='bbox 488 2552 646 2584; x_wconf 86' lang='lat' dir='ltr'><strong>campum</strong></span> <span class='ocrx_word' id='word_1_450' title='bbox 671 2542 763 2583; x_wconf 89' lang='lat' dir='ltr'><strong>apud</strong></span> <span class='ocrx_word' id='word_1_451' title='bbox 786 2548 927 2583; x_wconf 86' lang='lat' dir='ltr'><strong>pontem</strong></span> <span class='ocrx_word' id='word_1_452' title='bbox 951 2541 1080 2573; x_wconf 87' lang='lat' dir='ltr'><strong>Vavari</strong></span> <span class='ocrx_word' id='word_1_453' title='bbox 1105 2541 1141 2572; x_wconf 88' lang='lat' dir='ltr'><strong>in</strong></span> <span class='ocrx_word' id='word_1_454' title='bbox 1159 2541 1315 2573; x_wconf 83' lang='lat' dir='ltr'><strong>districtu</strong></span> <span class='ocrx_word' id='word_1_455' title='bbox 1330 2540 1534 2573; x_wconf 86' lang='lat' dir='ltr'><strong>Mediolani.</strong></span> <span class='ocrx_word' id='word_1_456' title='bbox 1575 2539 1633 2571; x_wconf 91' lang='lat' dir='ltr'><strong>Et&#39;</strong></span> <span class='ocrx_word' id='word_1_457' title='bbox 1652 2540 1763 2571; x_wconf 84' lang='lat' dir='ltr'><strong>dictus</strong></span> <span class='ocrx_word' id='word_1_458' title='bbox 1780 2538 1936 2571; x_wconf 88' lang='lat' dir='ltr'><strong>dominus</strong></span> 
     </span>
    </p>

    <p class='ocr_par' dir='ltr' id='par_1_16' title="bbox 31 2592 1942 2636">
     <span class='ocr_line' id='line_1_42' title="bbox 31 2592 1942 2636; baseline -0.002 -11"><span class='ocrx_word' id='word_1_459' title='bbox 31 2595 71 2625; x_wconf 87' lang='lat'><strong>40</strong></span> <span class='ocrx_word' id='word_1_460' title='bbox 95 2594 254 2626; x_wconf 90' lang='lat' dir='ltr'><strong>Marchio</strong></span> <span class='ocrx_word' id='word_1_461' title='bbox 279 2595 447 2636; x_wconf 89' lang='lat' dir='ltr'><strong>applicuit</strong></span> <span class='ocrx_word' id='word_1_462' title='bbox 471 2595 647 2627; x_wconf 85' lang='lat' dir='ltr'><strong>civitatem</strong></span> <span class='ocrx_word' id='word_1_463' title='bbox 670 2596 842 2627; x_wconf 88' lang='lat' dir='ltr'><strong>Cremone</strong></span> <span class='ocrx_word' id='word_1_464' title='bbox 868 2605 944 2626; x_wconf 91' lang='lat' dir='ltr'><strong>cum</strong></span> <span class='ocrx_word' id='word_1_465' title='bbox 977 2594 1128 2626; x_wconf 83' lang='lat' dir='ltr'><strong>exercitu</strong></span> <span class='ocrx_word' id='word_1_466' title='bbox 1155 2604 1216 2626; x_wconf 90' lang='lat' dir='ltr'><strong>suo</strong></span> <span class='ocrx_word' id='word_1_467' title='bbox 1249 2600 1282 2625; x_wconf 88' lang='lat' dir='ltr'><strong>et</strong></span> <span class='ocrx_word' id='word_1_468' title='bbox 1313 2604 1381 2626; x_wconf 92' lang='lat' dir='ltr'><strong>non</strong></span> <span class='ocrx_word' id='word_1_469' title='bbox 1405 2593 1537 2625; x_wconf 89' lang='lat' dir='ltr'><strong>invenit</strong></span> <span class='ocrx_word' id='word_1_470' title='bbox 1568 2593 1830 2631; x_wconf 88' lang='lat' dir='ltr'><strong>Cremonenses,</strong></span> <span class='ocrx_word' id='word_1_471' title='bbox 1863 2592 1942 2634; x_wconf 85' lang='lat' dir='ltr'><strong>quia</strong></span> 
     </span>
    </p>
   </div>
   <div class='ocr_carea' id='block_1_8' title="bbox 97 2725 1943 2888">
    <p class='ocr_par' dir='ltr' id='par_1_17' title="bbox 97 2725 1943 2888">
     <span class='ocr_line' id='line_1_43' title="bbox 184 2725 1942 2761; baseline -0.002 -8"><span class='ocrx_word' id='word_1_472' title='bbox 184 2736 208 2753; x_wconf 76' lang='lat'><strong>2.</strong></span> <span class='ocrx_word' id='word_1_473' title='bbox 227 2730 384 2754; x_wconf 79' lang='lat' dir='ltr'><strong>habuerant</strong></span> <span class='ocrx_word' id='word_1_474' title='bbox 402 2731 428 2753; x_wconf 99' lang='grc' dir='ltr'><em>Β</em></span> <span class='ocrx_word' id='word_1_475' title='bbox 440 2730 516 2755; x_wconf 77' lang='lat' dir='ltr'><strong>MUR.</strong></span> <span class='ocrx_word' id='word_1_476' title='bbox 536 2744 568 2747; x_wconf 97' lang='lat'><strong>—</strong></span> <span class='ocrx_word' id='word_1_477' title='bbox 585 2737 609 2761; x_wconf 87' lang='lat'><strong>3.</strong></span> <span class='ocrx_word' id='word_1_478' title='bbox 623 2729 763 2761; x_wconf 77' lang='lat' dir='ltr'><strong>Bononie]</strong></span> <span class='ocrx_word' id='word_1_479' title='bbox 780 2729 975 2754; x_wconf 80' lang='lat' dir='ltr'><strong>Bononienses</strong></span> <span class='ocrx_word' id='word_1_480' title='bbox 989 2729 1067 2753; x_wconf 69' lang='lat' dir='ltr'><strong>Mun.</strong></span> <span class='ocrx_word' id='word_1_481' title='bbox 1083 2743 1115 2746; x_wconf 86' lang='lat'><strong>--</strong></span> <span class='ocrx_word' id='word_1_482' title='bbox 1129 2737 1153 2760; x_wconf 73' lang='lat'><strong>4.</strong></span> <span class='ocrx_word' id='word_1_483' title='bbox 1167 2727 1380 2752; x_wconf 85' lang='lat' dir='ltr'><strong>rehedificarent</strong></span> <span class='ocrx_word' id='word_1_484' title='bbox 1392 2728 1418 2751; x_wconf 85' lang='lat' dir='ltr'><em>B</em></span> <span class='ocrx_word' id='word_1_485' title='bbox 1436 2727 1513 2752; x_wconf 76' lang='lat' dir='ltr'><strong>MUR.</strong></span> <span class='ocrx_word' id='word_1_486' title='bbox 1529 2741 1560 2744; x_wconf 86' lang='lat'><strong>—-</strong></span> <span class='ocrx_word' id='word_1_487' title='bbox 1581 2732 1604 2758; x_wconf 80' lang='lat'><strong>5.</strong></span> <span class='ocrx_word' id='word_1_488' title='bbox 1624 2727 1683 2751; x_wconf 86' lang='lat' dir='ltr'><strong>Nos</strong></span> <span class='ocrx_word' id='word_1_489' title='bbox 1702 2726 1808 2750; x_wconf 85' lang='lat' dir='ltr'><strong>mortui</strong></span> <span class='ocrx_word' id='word_1_490' title='bbox 1827 2725 1865 2757; x_wconf 90' lang='lat' dir='ltr'><strong>et]</strong></span> <span class='ocrx_word' id='word_1_491' title='bbox 1884 2726 1942 2749; x_wconf 81' lang='lat' dir='ltr'><strong>Nos</strong></span> 
     </span>
     <span class='ocr_line' id='line_1_44' title="bbox 98 2767 1941 2801; baseline -0.003 -6"><span class='ocrx_word' id='word_1_492' title='bbox 98 2772 126 2795; x_wconf 78' lang='lat' dir='ltr'><strong>et</strong></span> <span class='ocrx_word' id='word_1_493' title='bbox 144 2772 234 2796; x_wconf 85' lang='lat' dir='ltr'><strong>nostri</strong></span> <span class='ocrx_word' id='word_1_494' title='bbox 253 2768 331 2796; x_wconf 76' lang='lat' dir='ltr'><strong>MUR.</strong></span> <span class='ocrx_word' id='word_1_495' title='bbox 346 2786 379 2789; x_wconf 97' lang='lat'><strong>—</strong></span> <span class='ocrx_word' id='word_1_496' title='bbox 393 2773 417 2797; x_wconf 79' lang='lat'><strong>6.</strong></span> <span class='ocrx_word' id='word_1_497' title='bbox 431 2772 656 2797; x_wconf 82' lang='lat' dir='ltr'><strong>Bononiensibus</strong></span> <span class='ocrx_word' id='word_1_498' title='bbox 669 2772 848 2796; x_wconf 84' lang='lat' dir='ltr'><strong>audientibus</strong></span> <span class='ocrx_word' id='word_1_499' title='bbox 867 2771 891 2794; x_wconf 85' lang='lat' dir='ltr'><em>A</em></span> <span class='ocrx_word' id='word_1_500' title='bbox 906 2784 937 2788; x_wconf 91' lang='lat'>—</span> <span class='ocrx_word' id='word_1_501' title='bbox 954 2776 977 2801; x_wconf 87' lang='lat'><strong>7.</strong></span> <span class='ocrx_word' id='word_1_502' title='bbox 997 2771 1136 2795; x_wconf 88' lang='lat' dir='ltr'><strong>Bazanum</strong></span> <span class='ocrx_word' id='word_1_503' title='bbox 1156 2770 1361 2795; x_wconf 80' lang='lat' dir='ltr'><strong>rehedificatum</strong></span> <span class='ocrx_word' id='word_1_504' title='bbox 1380 2770 1404 2793; x_wconf 84' lang='lat' dir='ltr'><em>A</em></span> <span class='ocrx_word' id='word_1_505' title='bbox 1419 2783 1451 2787; x_wconf 83' lang='lat'><strong>—-</strong></span> <span class='ocrx_word' id='word_1_506' title='bbox 1474 2776 1513 2800; x_wconf 86' lang='lat'><strong>13.</strong></span> <span class='ocrx_word' id='word_1_507' title='bbox 1529 2767 1591 2801; x_wconf 89' lang='lat' dir='ltr'><strong>pro]</strong></span> <span class='ocrx_word' id='word_1_508' title='bbox 1603 2776 1650 2800; x_wconf 85' lang='lat' dir='ltr'><strong>pre</strong></span> <span class='ocrx_word' id='word_1_509' title='bbox 1663 2768 1740 2793; x_wconf 72' lang='lat' dir='ltr'>MUR.</span> <span class='ocrx_word' id='word_1_510' title='bbox 1761 2782 1793 2785; x_wconf 94' lang='lat'><strong>—-</strong></span> <span class='ocrx_word' id='word_1_511' title='bbox 1819 2773 1858 2798; x_wconf 80' lang='lat'><strong>15.</strong></span> <span class='ocrx_word' id='word_1_512' title='bbox 1879 2769 1941 2798; x_wconf 80' lang='lat' dir='ltr'><strong>dopo</strong></span> 
     </span>
     <span class='ocr_line' id='line_1_45' title="bbox 98 2810 1943 2846; baseline -0.002 -10"><span class='ocrx_word' id='word_1_513' title='bbox 98 2813 227 2846; x_wconf 88' lang='lat' dir='ltr'><strong>Colupna</strong></span> <span class='ocrx_word' id='word_1_514' title='bbox 240 2815 269 2837; x_wconf 85' lang='lat' dir='ltr'><strong>in</strong></span> <span class='ocrx_word' id='word_1_515' title='bbox 288 2814 312 2837; x_wconf 83' lang='lat' dir='ltr'><em>A</em></span> <span class='ocrx_word' id='word_1_516' title='bbox 332 2813 449 2846; x_wconf 76' lang='lat' dir='ltr'><strong>leggonsi</strong></span> <span class='ocrx_word' id='word_1_517' title='bbox 467 2814 489 2836; x_wconf 80' lang='lat' dir='ltr'><strong>le</strong></span> <span class='ocrx_word' id='word_1_518' title='bbox 498 2814 590 2845; x_wconf 69' lang='lat' dir='ltr'><strong>parole</strong></span> <span class='ocrx_word' id='word_1_519' title='bbox 609 2814 764 2837; x_wconf 64' lang='lat' dir='ltr'><strong>cancellata:</strong></span> <span class='ocrx_word' id='word_1_520' title='bbox 785 2815 812 2837; x_wconf 87' lang='lat' dir='ltr'><strong>et</strong></span> <span class='ocrx_word' id='word_1_521' title='bbox 826 2813 856 2837; x_wconf 86' lang='lat' dir='ltr'><strong>in</strong></span> <span class='ocrx_word' id='word_1_522' title='bbox 871 2813 1003 2837; x_wconf 87' lang='lat' dir='ltr'><strong>omnibus</strong></span> <span class='ocrx_word' id='word_1_523' title='bbox 1016 2813 1072 2836; x_wconf 85' lang='lat' dir='ltr'><strong>suis</strong></span> <span class='ocrx_word' id='word_1_524' title='bbox 1085 2812 1152 2836; x_wconf 85' lang='lat' dir='ltr'><strong>aliis</strong></span> <span class='ocrx_word' id='word_1_525' title='bbox 1169 2812 1240 2837; x_wconf 85' lang='lat' dir='ltr'><strong>loeis</strong></span> <span class='ocrx_word' id='word_1_526' title='bbox 1255 2825 1286 2829; x_wconf 88' lang='lat'><strong>—-</strong></span> <span class='ocrx_word' id='word_1_527' title='bbox 1305 2811 1345 2836; x_wconf 87' lang='lat'><strong>16.</strong></span> <span class='ocrx_word' id='word_1_528' title='bbox 1359 2810 1499 2842; x_wconf 74' lang='lat' dir='ltr'><strong>deposuit]</strong></span> <span class='ocrx_word' id='word_1_529' title='bbox 1513 2810 1653 2843; x_wconf 77' lang='lat' dir='ltr'><strong>disposuit</strong></span> <span class='ocrx_word' id='word_1_530' title='bbox 1664 2810 1687 2833; x_wconf 79' lang='lat' dir='ltr'><em>A</em></span> <span class='ocrx_word' id='word_1_531' title='bbox 1700 2823 1732 2827; x_wconf 87' lang='lat'><em>-</em></span> <span class='ocrx_word' id='word_1_532' title='bbox 1749 2815 1790 2840; x_wconf 85' lang='lat'><strong>17.</strong></span> <span class='ocrx_word' id='word_1_533' title='bbox 1809 2810 1871 2840; x_wconf 75' lang='lat' dir='ltr'><strong>dopo</strong></span> <span class='ocrx_word' id='word_1_534' title='bbox 1892 2810 1943 2833; x_wconf 84' lang='lat' dir='ltr'><strong>mi-</strong></span> 
     </span>
     <span class='ocr_line' id='line_1_46' title="bbox 97 2853 1446 2888; baseline -0.001 -9"><span class='ocrx_word' id='word_1_535' title='bbox 97 2855 277 2879; x_wconf 83' lang='lat' dir='ltr'><strong>sericordiam</strong></span> <span class='ocrx_word' id='word_1_536' title='bbox 297 2856 321 2879; x_wconf 82' lang='lat' dir='ltr'><em>A</em></span> <span class='ocrx_word' id='word_1_537' title='bbox 339 2863 398 2887; x_wconf 72' lang='lat' dir='ltr'><strong>agg.</strong></span> <span class='ocrx_word' id='word_1_538' title='bbox 414 2863 448 2880; x_wconf 89' lang='lat' dir='ltr'><strong>ne</strong></span> <span class='ocrx_word' id='word_1_539' title='bbox 468 2870 501 2873; x_wconf 97' lang='lat'><strong>—</strong></span> <span class='ocrx_word' id='word_1_540' title='bbox 521 2863 563 2888; x_wconf 88' lang='lat'><strong>30.</strong></span> <span class='ocrx_word' id='word_1_541' title='bbox 584 2856 653 2887; x_wconf 84' lang='lat' dir='ltr'><strong>vm]</strong></span> <span class='ocrx_word' id='word_1_542' title='bbox 673 2862 705 2880; x_wconf 70' lang='lat' dir='ltr'><strong>ix</strong></span> <span class='ocrx_word' id='word_1_543' title='bbox 724 2856 750 2878; x_wconf 90' lang='grc' dir='ltr'><em>Β</em></span> <span class='ocrx_word' id='word_1_544' title='bbox 768 2855 844 2880; x_wconf 67' lang='lat' dir='ltr'>MUR.</span> <span class='ocrx_word' id='word_1_545' title='bbox 867 2869 899 2872; x_wconf 92' lang='lat'><em>-</em></span> <span class='ocrx_word' id='word_1_546' title='bbox 920 2861 961 2886; x_wconf 82' lang='lat'><strong>39.</strong></span> <span class='ocrx_word' id='word_1_547' title='bbox 982 2854 1084 2886; x_wconf 81' lang='lat' dir='ltr'><strong>dictus]</strong></span> <span class='ocrx_word' id='word_1_548' title='bbox 1105 2855 1235 2879; x_wconf 81' lang='lat' dir='ltr'><strong>dominus</strong></span> <span class='ocrx_word' id='word_1_549' title='bbox 1248 2854 1288 2884; x_wconf 87' lang='lat' dir='ltr'><strong>B·‚</strong></span> <span class='ocrx_word' id='word_1_550' title='bbox 1303 2862 1349 2877; x_wconf 86' lang='lat' dir='ltr'><strong>om.</strong></span> <span class='ocrx_word' id='word_1_551' title='bbox 1370 2853 1446 2878; x_wconf 73' lang='lat' dir='ltr'><strong>Mun.</strong></span> 
     </span>
    </p>
   </div>
   <div class='ocr_carea' id='block_1_9' title="bbox 54 2942 1941 3029">
    <p class='ocr_par' dir='ltr' id='par_1_18' title="bbox 54 2942 1941 3029">
     <span class='ocr_line' id='line_1_47' title="bbox 54 2942 1941 2985; baseline -0.002 -9"><span class='ocrx_word' id='word_1_552' title='bbox 54 2956 66 2981; x_wconf 87' lang='grc'><strong><em>5</em></strong></span> <span class='ocrx_word' id='word_1_553' title='bbox 183 2950 190 2966; x_wconf 90' lang='lat'>¹</span> <span class='ocrx_word' id='word_1_554' title='bbox 210 2952 311 2985; x_wconf 81' lang='lat' dir='ltr'><strong>Iacopo</strong></span> <span class='ocrx_word' id='word_1_555' title='bbox 330 2960 345 2977; x_wconf 89' lang='lat' dir='ltr'><strong>e</strong></span> <span class='ocrx_word' id='word_1_556' title='bbox 362 2942 459 2977; x_wconf 84' lang='lat' dir='ltr'><strong>Pietro</strong></span> <span class='ocrx_word' id='word_1_557' title='bbox 478 2953 547 2978; x_wconf 82' lang='lat' dir='ltr'><strong>della</strong></span> <span class='ocrx_word' id='word_1_558' title='bbox 567 2953 705 2978; x_wconf 88' lang='lat' dir='ltr'><strong>Colonna.</strong></span> <span class='ocrx_word' id='word_1_559' title='bbox 1133 2949 1143 2966; x_wconf 81' lang='grc'>3</span> <span class='ocrx_word' id='word_1_560' title='bbox 1163 2951 1320 2976; x_wconf 87' lang='lat' dir='ltr'><strong>Mediatore</strong></span> <span class='ocrx_word' id='word_1_561' title='bbox 1346 2950 1415 2975; x_wconf 79' lang='lat' dir='ltr'><strong>della</strong></span> <span class='ocrx_word' id='word_1_562' title='bbox 1441 2957 1508 2983; x_wconf 90' lang='lat' dir='ltr'><strong>pace</strong></span> <span class='ocrx_word' id='word_1_563' title='bbox 1535 2951 1673 2974; x_wconf 77' lang='lat' dir='ltr'><strong>avvenuta</strong></span> <span class='ocrx_word' id='word_1_564' title='bbox 1699 2949 1873 2980; x_wconf 76' lang='lat' dir='ltr'><strong>nell’agosto</strong></span> <span class='ocrx_word' id='word_1_565' title='bbox 1898 2948 1941 2972; x_wconf 87' lang='lat' dir='ltr'><strong>del</strong></span> 
     </span>
     <span class='ocr_line' id='line_1_48' title="bbox 184 2994 1450 3029; baseline -0.002 -9"><span class='ocrx_word' id='word_1_566' title='bbox 184 2994 194 3010; x_wconf 70' lang='lat'><strong>‘⁴‘-</strong></span> <span class='ocrx_word' id='word_1_567' title='bbox 216 2997 361 3029; x_wconf 84' lang='lat' dir='ltr'><strong>Battaglia</strong></span> <span class='ocrx_word' id='word_1_568' title='bbox 371 2998 469 3022; x_wconf 82' lang='lat' dir='ltr'><strong>navale</strong></span> <span class='ocrx_word' id='word_1_569' title='bbox 483 2997 555 3022; x_wconf 86' lang='lat' dir='ltr'><strong>della</strong></span> <span class='ocrx_word' id='word_1_570' title='bbox 569 2998 688 3023; x_wconf 85' lang='lat' dir='ltr'><strong>Curzola</strong></span> <span class='ocrx_word' id='word_1_571' title='bbox 704 2996 731 3028; x_wconf 85' lang='lat'><strong>(8</strong></span> <span class='ocrx_word' id='word_1_572' title='bbox 742 2997 889 3021; x_wconf 83' lang='lat' dir='ltr'><strong>settembre</strong></span> <span class='ocrx_word' id='word_1_573' title='bbox 903 2995 990 3028; x_wconf 80' lang='lat'>1298).</span> <span class='ocrx_word' id='word_1_574' title='bbox 1048 3003 1114 3028; x_wconf 81' lang='lat'>1299</span> <span class='ocrx_word' id='word_1_575' title='bbox 1135 2995 1166 3020; x_wconf 81' lang='lat' dir='ltr'><strong>fu</strong></span> <span class='ocrx_word' id='word_1_576' title='bbox 1185 2995 1293 3019; x_wconf 83' lang='lat' dir='ltr'><strong>Matteo</strong></span> <span class='ocrx_word' id='word_1_577' title='bbox 1313 2995 1450 3018; x_wconf 83' lang='lat' dir='ltr'><strong>Visconti.</strong></span> 
     </span>
    </p>
   </div>
   <div class='ocr_carea' id='block_1_10' title="bbox 2015 1185 2103 1204">
    <p class='ocr_par' dir='ltr' id='par_1_19' title="bbox 2015 1185 2103 1204">
     <span class='ocr_line' id='line_1_49' title="bbox 2015 1185 2103 1204; baseline -0.023 -3"><span class='ocrx_word' id='word_1_578' title='bbox 2015 1187 2035 1201; x_wconf 83' lang='lat' dir='ltr'><strong>C.</strong></span> <span class='ocrx_word' id='word_1_579' title='bbox 2051 1185 2103 1204; x_wconf 62' lang='lat'><strong>56⁷¹</strong></span> 
     </span>
    </p>
   </div>
   <div class='ocr_carea' id='block_1_11' title="bbox 2017 2440 2149 2464">
    <p class='ocr_par' dir='ltr' id='par_1_20' title="bbox 2017 2440 2149 2464">
     <span class='ocr_line' id='line_1_50' title="bbox 2017 2440 2149 2464; baseline -0.008 -4"><span class='ocrx_word' id='word_1_580' title='bbox 2017 2442 2094 2464; x_wconf 68' lang='lat' dir='ltr'><strong>Mun„</strong></span> <span class='ocrx_word' id='word_1_581' title='bbox 2109 2440 2149 2460; x_wconf 79' lang='lat'><strong>³45</strong></span> 
     </span>
    </p>
   </div>
   <div class='ocr_carea' id='block_1_12' title="bbox 2014 2551 2104 2569">
    <p class='ocr_par' dir='ltr' id='par_1_21' title="bbox 2014 2551 2104 2569">
     <span class='ocr_line' id='line_1_51' title="bbox 2014 2551 2104 2569; baseline -0.011 -4"><span class='ocrx_word' id='word_1_582' title='bbox 2014 2552 2033 2567; x_wconf 83' lang='lat' dir='ltr'><strong>C.</strong></span> <span class='ocrx_word' id='word_1_583' title='bbox 2049 2551 2104 2569; x_wconf 66' lang='lat'><strong>557</strong></span> 
     </span>
    </p>
   </div>
  </div>
 </body>
</html>
