2297 3476
159 634 178 648 e.
194 634 246 652 522³

117 1106 191 1129 Mun„
207 1105 245 1125 342

139 2237 227 2257 “353’'

325 168 372 204 50
958 169 1272 204 CHRONICON
1300 168 1532 205 ESTENSE
1861 174 1944 209 [AA.
1966 176 2164 209 1290-1293]

320 303 363 333 de
387 313 489 334 causa
511 314 590 344 pars
614 303 744 334 domini
768 301 982 334 Marchionis
1006 301 1040 332 in
1064 300 1221 333 omnibus
1244 300 1396 342 partibus
1421 300 1629 332 Lombardie
1652 306 1751 341 rupta
1775 306 1839 337 est;
1865 307 1898 332 et
1915 301 2030 332 omnia
2054 307 2165 332 castra

319 365 360 386 ac
384 355 560 388 fortilicias
584 356 655 387 eius
679 365 825 387 comune
847 353 924 386 Asti
950 354 1113 385 destruxit
1121 366 1130 391 3
1155 359 1188 385 et
1212 353 1314 384 etiam
1339 363 1452 385 comes
1470 352 1639 390 Savolie¹‚
1657 353 1716 395 qui
1740 358 1823 384 tunc
1847 359 1919 385 erat
1941 354 1977 385 in
1999 354 2071 396 liga
2087 364 2165 385 cum

318 406 543 439 Astiensibus.

406 460 540 491 Eodem
563 460 755 498 millesimo,
780 459 823 492 de
847 470 964 491 mense
988 459 1149 491 octubris.
1195 458 1361 490 Dominus
1376 458 1580 489 Manfredus
1597 458 1641 489 de
1658 458 1825 490 Beccaria
1841 459 1884 490 de
1900 459 2009 500 Papia
2024 460 2166 492 intravit

320 513 491 544 civitatem
515 513 619 555 Papie
644 513 686 546 de
711 514 922 554 volumptate
946 512 1048 544 totius
1071 512 1189 554 populi
1219 522 1295 543 cum
1327 520 1450 553 magna
1474 511 1663 554 quantitate
1694 511 1838 542 militum
1871 518 1904 543 et
1933 513 2100 553 peditum,
2132 518 2165 543 et

319 565 504 597 dominium
530 566 622 598 dicte
648 566 797 598 civitatis
820 566 939 597 habuit
963 565 1035 597 sine
1059 565 1215 597 molestia
1238 565 1427 607 aliquarum
1450 574 1689 605 personarum3
1714 570 1747 596 et
1770 574 1886 596 omnes
1909 565 2075 604 forenses,
2099 565 2166 596 sci-

323 619 403 650 licet
427 619 478 649 illi
502 619 545 650 de
570 619 603 650 la
626 619 748 650 Turre'
774 630 851 651 cum
875 619 952 657 suis,
977 618 1034 661 qui
1059 624 1139 649 tunc
1164 618 1214 649 ibi
1239 623 1337 649 erant
1353 623 1423 649 tam
1441 622 1617 659 equestres
1634 628 1734 660 quam
1750 617 1928 658 pedestres
1944 618 2106 660 fugerunt
2124 619 2166 649 de

318 671 410 703 dicta
434 671 570 703 civitate
603 678 637 703 et
668 672 823 704 similiter
847 672 942 703 multi
967 671 1020 714 alij
1049 672 1151 710 cives,
1177 670 1314 708 milites,
1339 670 1474 712 equites
1499 675 1532 701 et
1556 670 1689 711 pedites
1720 670 1811 701 dicte
1845 670 2002 709 civitatis,
2031 677 2065 702 et
2096 670 2167 702 ive-

318 730 395 755 runt
418 724 462 756 ad
487 734 603 756 eorum
629 731 741 756 castra
765 731 799 757 et
822 725 934 762 villas3
961 730 995 756 et
1019 724 1179 756 dominus
1203 723 1416 755 Guillielmus
1440 723 1484 754 de
1506 723 1612 754 Petra
1635 723 1828 765 detemptus
1851 723 1917 754 fuit
1939 723 1974 754 in
1999 724 2091 755 dicta
2118 724 2166 755 ci-

319 777 423 808 vitate
431 789 440 814 3
465 777 594 809 Noaria
619 784 651 810 et
676 778 741 809 alie
767 778 921 810 civitates
946 784 980 809 et
1003 783 1124 814 castra,
1156 787 1222 819 que
1253 781 1350 808 erant
1377 786 1480 807 unum
1506 781 1540 807 et
1567 776 1661 807 idem
1693 785 1771 807 cum
1803 775 1940 807 domino
1971 775 2167 814 Manfiedo,

318 839 439 872 pacem
462 836 495 862 et
519 831 740 863 concordiam
764 831 921 863 fecerunt
946 842 1023 863 cum
1046 829 1366 862 Mediolanensibus
1390 835 1423 861 et
1446 829 1667 860 Placentinis.

406 883 540 916 Eodem
563 884 749 916 millesimo.
796 885 905 916 Multe
936 890 1056 928 gentes
1087 890 1121 915 et
1147 883 1388 926 generationes
1412 882 1598 920 hominum,
1622 888 1692 914 tam
1716 882 1750 913 in
1774 882 1927 924 partibus
1949 881 2168 920 Lombardie‚

319 946 419 978 quam
443 937 580 975 Tuscie‚
603 936 846 975 Romandiole,
870 938 993 969 March
1008 947 1026 968 e
1051 936 1254 968 anconitane
1287 941 1321 967 et
1347 935 1504 967 Marchie
1539 934 1719 973 trivixane,
1753 934 1961 967 unanimiter
1995 945 2030 966 se
2053 935 2168 976 dispo-

319 995 457 1020 suerunt
480 989 528 1021 ire
553 990 642 1022 ultra
665 1001 759 1022 mare
784 990 819 1021 in
842 990 1029 1022 subsidium
1063 990 1173 1022 Terre
1197 994 1324 1026 sancte,
1349 988 1481 1020 scilicet
1503 987 1600 1026 Acri,
1624 998 1691 1030 que
1716 988 1854 1019 obsessa
1877 994 1950 1019 erat
1973 998 1993 1018 a
2017 988 2169 1019 Soldano

318 1042 508 1074 Babilonie.
554 1043 598 1074 Et
621 1043 663 1076 de
687 1043 825 1075 civitate
849 1043 972 1075 Parme
998 1044 1040 1075 de
1064 1043 1164 1086 signo
1189 1043 1300 1074 crucis
1323 1041 1447 1084 signati
1471 1042 1609 1073 fuerunt
1631 1041 1747 1082 plures
1770 1040 1844 1072 νη.
1891 1041 2018 1073 Omnes
2048 1040 2105 1072 isti
2136 1047 2170 1072 et

321 1095 390 1138 alij‚
415 1096 472 1138 qui
496 1097 671 1128 transitum
695 1097 813 1128 facere
837 1096 1005 1128 vole'bant
1028 1096 1117 1128 ultra
1140 1106 1245 1133 mare,
1269 1101 1515 1137 separaverunt
1538 1104 1575 1125 se
1599 1094 1762 1126 contratis
1778 1094 1858 1131 suis,
1883 1099 1919 1126 et
1941 1094 2075 1125 iverunt
2099 1093 2168 1124 Ve-

319 1147 436 1186 netias,
462 1155 497 1181 et
519 1149 633 1181 fulciti
659 1150 702 1181 de
727 1149 883 1181 omnibus
908 1149 955 1181 eis
979 1148 1184 1192 necessarijs
1207 1148 1339 1179 iverunt
1362 1147 1452 1179 ultra
1475 1158 1568 1178 mare
1594 1146 1637 1178 ad
1662 1146 1836 1178 civitatem
1860 1146 1955 1178 Acri.

1094 1243 1370 1276 MCCLXXXX
1371 1244 1402 1286 J.

407 1313 459 1343 De
483 1321 598 1344 mense
622 1312 736 1344 madii·
783 1312 1040 1344 Potentissimus
1064 1311 1220 1344 dominus
1245 1309 1414 1342 Soldanus
1437 1310 1617 1341 Babilonie
1643 1320 1720 1341 cum
1744 1320 1868 1351 magna
1892 1310 2082 1351 quantitate
2106 1309 2168 1340 mi-

320 1366 418 1397 litum
442 1375 584 1397 numero
609 1368 664 1402 cm,
689 1372 723 1397 et
748 1376 825 1397 cum
848 1365 978 1396 infinita
1002 1364 1189 1407 quantitate
1212 1363 1376 1405 peditum,
1402 1374 1480 1394 cum
1503 1373 1547 1394 Lx
1573 1363 1751 1405 manganis
1775 1369 1808 1394 et
1832 1362 2012 1399 trabaccis,
2036 1362 2098 1393 ivit
2122 1361 2167 1393 ad

321 1417 537 1450 obsidionem
561 1418 708 1450 civitatis
732 1417 826 1456 Acri,
851 1429 952 1461 quam
977 1423 1057 1449 tunc
1081 1417 1302 1458 possidebant
1335 1415 1519 1447 Christiani
1528 1428 1536 1453 3
1570 1422 1603 1447 et
1635 1416 1681 1448 ibi
1707 1416 1800 1447 stetit
1829 1426 1906 1447 cum
1931 1414 2084 1446 exercitu
2107 1425 2169 1456 per

321 1470 465 1512 spatium
496 1471 592 1502 multi
624 1471 798 1512 temporis,
822 1472 987 1512 impetum
1013 1476 1132 1502 contra
1163 1470 1335 1502 civitatem
1367 1469 1548 1500 maximum
1581 1469 1764 1505 faciend03
1795 1469 1831 1500 in
1862 1469 1929 1499 fine
1962 1474 2075 1499 tamen
2107 1479 2169 1509 per

317 1524 559 1556 tradictionem
585 1524 762 1556 cuiusdam
786 1524 866 1555 mali
890 1523 1074 1561 christiani,
1099 1523 1157 1565 qui
1180 1523 1215 1554 in
1239 1523 1332 1554 dicta
1365 1522 1500 1554 civitate
1524 1522 1745 1554 interfecerat
1773 1522 1956 1564 quemdam
1980 1521 2083 1552 alium
2107 1521 2169 1552 ho-

318 1576 452 1616 minem,
477 1582 511 1608 et
534 1577 656 1608 timore
679 1576 796 1609 mortis
819 1577 966 1618 proiecit
989 1587 1025 1608 se
1047 1582 1143 1608 extra
1166 1586 1298 1607 murum
1323 1575 1479 1613 civitatis,
1505 1581 1539 1607 et
1554 1575 1614 1606 ivit
1637 1575 1672 1606 in
1696 1574 1882 1606 exercitum
1908 1574 2168 1611 Saracenorum,

319 1641 339 1661 a
362 1630 485 1672 quibus
509 1635 628 1671 captus
653 1636 720 1667 est3
739 1636 773 1662 et
796 1630 1035 1662 conduxerunt
1059 1639 1135 1660 eum
1160 1635 1239 1660 ante
1265 1628 1470 1660 soldanum:
1497 1628 1554 1670 qui
1579 1628 1752 1659 Soldanus
1775 1628 1806 1658 ei
1829 1627 1993 1669 promixit
2008 1627 2126 1665 multa,
2143 1627 2170 1659 si

317 1684 380 1715 iste
403 1683 606 1714 malefactor
630 1683 773 1714 doceret
795 1693 871 1714 eum
895 1683 1044 1719 modum,
1069 1693 1112 1714 ex
1136 1693 1204 1725 quo
1228 1687 1343 1723 posset
1365 1680 1497 1712 habere
1514 1681 1641 1713 dictam
1659 1681 1831 1712 civitatem
1848 1680 1943 1712 Acri.
1989 1680 2035 1712 Et
2051 1679 2101 1711 sic
2118 1680 2170 1711 fe-

320 1736 376 1773 cit,
401 1742 434 1767 et
456 1735 559 1767 talem
585 1746 661 1767 cum
684 1746 725 1768 eo
750 1736 848 1768 dedit
873 1735 1037 1774 ordinem,
1062 1736 1155 1778 quod
1179 1735 1290 1767 dictus
1315 1735 1504 1767 Soldanum
1527 1744 1590 1775 per
1613 1735 1683 1765 vim
1706 1734 1825 1766 habuit
1841 1733 1968 1765 dictam
1985 1733 2169 1771 civitatem,

319 1795 354 1820 et
377 1799 494 1820 omnes
518 1789 576 1830 qui
599 1789 723 1830 reperti
748 1789 888 1820 fuerunt
911 1789 945 1820 in
970 1789 1062 1821 dicta
1086 1788 1234 1825 civitate,
1258 1794 1327 1819 tam
1355 1787 1507 1819 homines
1531 1798 1632 1830 quam
1656 1787 1826 1825 mulieres,
1855 1792 1924 1818 tam
1947 1786 2046 1827 parvi
2069 1796 2170 1828 quam

317 1842 443 1885 magni,
467 1842 590 1873 mortui
613 1848 700 1880 sunt,
726 1848 760 1874 et
782 1842 934 1873 similiter
958 1841 1054 1873 multi
1077 1841 1212 1873 nobiles
1229 1841 1363 1879 milites,
1387 1841 1445 1883 qui
1461 1840 1585 1872 fratres
1601 1845 1698 1872 erant
1713 1839 1812 1881 probi
1829 1845 1863 1871 et
1878 1839 2061 1881 sapientes,
2078 1849 2169 1871 mor-

320 1894 369 1927 tui
386 1900 461 1926 sunt
468 1907 476 1932 3
494 1901 546 1927 set
568 1906 725 1926 numerus
749 1895 1018 1927 Christianorum
1042 1895 1108 1926 fuit
1129 1894 1290 1926 infinitus.

1081 1990 1375 2024 Mchxxxxr
1376 1992 1408 2034 J.

408 2065 518 2096 Facta
541 2069 575 2095 et
599 2063 732 2095 cridata
747 2063 813 2095 fuit
828 2074 896 2104 pax
911 2063 1000 2095 inter
1016 2062 1190 2095 dominum
1208 2061 1440 2095 marchionem
1458 2062 1650 2105 Obiconem
1675 2068 1842 2094 estensem
1867 2069 1932 2094 etc.
1949 2068 1983 2093 et
1999 2061 2172 2093 dominum

320 2117 558 2148 Pinamontem
581 2116 624 2148 de
641 2117 785 2148 Mantua
798 2115 820 2148 ³.
845 2116 986 2148 Postea
1002 2117 1045 2148 de
1062 2125 1178 2148 mense
1195 2116 1397 2158 septembris
1415 2122 1536 2157 captus
1559 2122 1592 2147 et
1609 2121 1806 2147 carceratus
1822 2115 1888 2146 fuit
1906 2114 2062 2146 dominus
2078 2114 2172 2156 Tay-

321 2180 382 2201 nus
406 2181 426 2201 a
449 2170 588 2202 domino
612 2169 819 2201 Bardellone
843 2169 914 2200 eius
937 2169 1054 2206 fratre,
1079 2175 1112 2201 et
1135 2169 1182 2201 ibi
1205 2169 1297 2200 stetit
1319 2180 1383 2210 per
1406 2179 1565 2212 magnum
1588 2175 1732 2209 tempus.

413 2223 546 2255 Eodem
569 2222 759 2261 millesimo,
784 2223 827 2254 de
851 2232 968 2254 mense
989 2221 1087 2264 junii.
1126 2221 1274 2265 Magnus
1290 2222 1355 2253 fuit
1370 2222 1460 2265 ignis
1477 2222 1511 2253 in
1528 2221 1665 2253 civitate
1682 2222 1710 2254 F
1713 2221 1840 2253 errarie
1862 2231 1970 2263 penes
1993 2220 2172 2252 beccarias

321 2277 354 2307 in
378 2276 546 2308 Ferraria.

1075 2341 1385 2374 Mchxxxxn
1386 2341 1416 2384 J.

408 2408 473 2439 Die
498 2417 566 2439 xm
590 2407 757 2439 februarii
780 2408 816 2439 in
840 2407 1112 2451 quadragesima.
1136 2407 1279 2439 Illustris
1303 2413 1337 2439 et
1361 2407 1564 2451 magnificus
1597 2407 1756 2439 dominus
1781 2406 1938 2439 dominus
1969 2406 2078 2449 Obico
2108 2405 2173 2437 Dei

320 2461 430 2504 gratia
453 2461 606 2493 marchio
643 2461 795 2500 estensis,
831 2466 865 2492 et
900 2460 1060 2492 Marchje
1086 2460 1301 2498 anconitane‚
1326 2461 1478 2493 civitatis
1502 2460 1670 2499 Ferrarie,
1701 2460 1846 2498 Mutine,
1878 2459 1984 2502 Regii
2016 2458 2174 2491 dominus

411 2575 434 2592 2.
454 2568 590 2593 fortilieia
616 2569 692 2593 MUR.
717 2581 748 2585 —
770 2569 825 2600 8-9.
845 2570 873 2592 et
892 2567 1016 2599 iverunt]
1037 2568 1184 2592 exiverunt
1198 2568 1274 2592 Mca.
1292 2581 1323 2585 —-
1346 2572 1385 2598 13.
1405 2575 1485 2600 quam
1506 2575 1565 2599 agg.
1580 2568 1657 2592 Mmz.
1673 2568 1735 2598 dopo
1749 2567 1840 2599 plures
1854 2575 1866 2589 e
1886 2567 1959 2598 legge
1977 2566 2123 2598 quingenti
2137 2579 2169 2583 --

325 2610 364 2634 16.
384 2612 582 2642 separaverant
601 2611 626 2633 B
640 2611 718 2635 MUR.
742 2624 754 2628 -
773 2612 835 2641 dopo
849 2618 877 2634 se
890 2610 966 2634 Mna.
987 2616 1046 2641 agg.
1068 2617 1082 2634 e
1102 2623 1114 2628 -
1132 2610 1310 2634 contratibus
1328 2611 1352 2634 A
1374 2624 1405 2627 —
1428 2615 1468 2639 17.
1487 2609 1593 2634 fchitis
1611 2610 1635 2633 A
1664 2623 1686 2626 —-
1707 2615 1748 2633 20.
1769 2609 1891 2633 trabucis
1909 2608 1986 2632 Mun.
2002 2621 2035 2625 —
2055 2613 2097 2639 23.
2117 2615 2168 2640 pro

323 2652 492 2676 tradictione
510 2652 533 2675 A
554 2666 587 2669 —
607 2659 650 2684 24.
669 2653 697 2676 et
715 2660 764 2677 om.
782 2653 819 2680 A,
839 2659 900 2684 agg.
916 2651 992 2676 Mon.

415 2712 420 2727 ¹
443 2714 568 2738 Amedeo
588 2714 636 2738 IV.
1100 2715 1104 2721 '
1277 2713 1301 2737 si
1314 2714 1439 2737 svolsero
1450 2713 1590 2738 nell'anno
1605 2720 1680 2744 1291.
1694 2712 1739 2737 Cf.
1748 2712 2016 2736 AnnalcsMantuani
2025 2710 2073 2743 (M.
2085 2711 2115 2734 G.
2124 2711 2172 2738 H„

414 2753 425 2769 ‘³
444 2761 478 2786 30
495 2756 589 2788 luglio.
618 2756 663 2781 Cf.
689 2755 831 2779 Clzronicon
850 2756 990 2778 Parmense
1011 2754 1080 2786 (RR.
1104 2755 1138 2778 II.
1161 2756 1220 2782 SS„
1276 2756 1323 2780 SS.
1343 2755 1459 2784 XVIIII,
1479 2763 1505 2787 p.
1521 2755 1574 2787 30).
1610 2754 1711 2779 Vedasi
1723 2762 1792 2786 pure
1805 2754 1824 2778 il
1837 2754 1902 2778 lodo
1922 2754 1951 2777 di
1965 2760 2032 2786 pace
2046 2760 2171 2786 pronun-

326 2797 372 2827 ῙΧ,
391 2806 418 2830 Ρ·
436 2797 480 2827 60,
499 2797 567 2822 ediz.
589 2799 735 2829 Bonazzi).
1276 2798 1352 2821 ciato
1371 2798 1402 2821 in
1422 2798 1537 2821 Verona
1559 2796 1579 2820 tl
1599 2804 1614 2827 9
1639 2797 1669 2820 di
1694 2796 1806 2828 mag-gio
1831 2795 1874 2819 del
1903 2801 1967 2826 1291
1995 2794 2030 2818 da
2055 2794 2172 2818 Alberto

412 2837 423 2853 ³
443 2840 483 2863 La
502 2847 569 2870 pace
595 2839 638 2863 fra
661 2840 680 2863 il
707 2839 852 2863 Marchese
880 2840 989 2863 estense
1013 2846 1027 2863 e
1051 2840 1222 2863 Pinamonte
1278 2839 1347 2864 della
1365 2839 1445 2863 Scala
1464 2839 1514 2863 che
1533 2846 1579 2863 era
1599 2839 1673 2862 stato
1688 2838 1774 2862 eletto
1795 2837 1903 2862 arbitro
1924 2837 1967 2861 fra
1986 2837 2006 2860 il
2020 2837 2173 2861 Bonaccol·

325 2881 367 2905 de'
388 2881 551 2905 Bonaccolsi
571 2882 704 2914 capitano
723 2882 851 2914 generale
874 2881 904 2906 di
922 2881 1061 2905 Mantova
1080 2889 1094 2905 e
1113 2881 1142 2905 la
1164 2882 1221 2913 pri·
1277 2882 1300 2905 si
1319 2888 1333 2904 e
1346 2880 1362 2903 l'
1373 2880 1646 2911 Estense3C11²oLLA‚
1667 2878 1867 2909 Rehzzt'onifra
1892 2878 1991 2901 Verona
2010 2886 2023 2901 e
2035 2878 2170 2905 Mantom,

324 2923 423 2955 gionia
443 2923 471 2946 di
492 2924 603 2954 Tagino
622 2922 664 2947 de’
684 2923 849 2947 Bonaccolsi
868 2930 938 2947 sono
958 2923 1152 2947 avvenimenti
1171 2922 1221 2946 che
1277 2923 1338 2946 doc.
1358 2928 1400 2953 59.

2195 777 2233 808 10

2197 1041 2232 1072 15

2194 1629 2212 1658 ω

2217 1627 2234 1658 Ut

2191 1893 2233 1923 30

2195 2220 2236 2251 35

2204 2716 2236 2734 10

2202 2925 2230 2950 ¹5
