<?xml version="1.0" encoding="UTF-8"?>
<!DOCTYPE html PUBLIC "-//W3C//DTD XHTML 1.0 Transitional//EN"
    "http://www.w3.org/TR/xhtml1/DTD/xhtml1-transitional.dtd">
<html xmlns="http://www.w3.org/1999/xhtml" xml:lang="en" lang="en">
 <head>
  <title>
</title>
<meta http-equiv="Content-Type" content="text/html;charset=utf-8" />
  <meta name='ocr-system' content='tesseract 3.04.00' />
  <meta name='ocr-capabilities' content='ocr_page ocr_carea ocr_par ocr_line ocrx_word'/>
</head>
<body>
  <div class='ocr_page' id='page_1' title='image "./p3f1rerumitalica15murauoft_0019.png"; bbox 0 0 2307 3592; ppageno 0'>
   <div class='ocr_carea' id='block_1_1' title="bbox 137 236 396 272">
    <p class='ocr_par' dir='ltr' id='par_1_1' title="bbox 137 236 396 272">
     <span class='ocr_line' id='line_1_1' title="bbox 137 236 396 272; baseline 0.004 -9"><span class='ocrx_word' id='word_1_1' title='bbox 137 236 220 271; x_wconf 79' lang='grc' dir='ltr'>[ΑΛ.</span> <span class='ocrx_word' id='word_1_2' title='bbox 240 238 396 272; x_wconf 81' lang='lat'>328-804]</span> 
     </span>
    </p>
   </div>
   <div class='ocr_carea' id='block_1_2' title="bbox 735 996 1368 1030">
    <p class='ocr_par' dir='ltr' id='par_1_2' title="bbox 735 996 1368 1030">
     <span class='ocr_line' id='line_1_2' title="bbox 735 996 1368 1030; baseline 0.002 -1"><span class='ocrx_word' id='word_1_3' title='bbox 735 997 785 1030; x_wconf 92' lang='lat' dir='ltr'>IN</span> <span class='ocrx_word' id='word_1_4' title='bbox 810 996 970 1030; x_wconf 89' lang='lat' dir='ltr'>CRISTI</span> <span class='ocrx_word' id='word_1_5' title='bbox 994 997 1194 1030; x_wconf 85' lang='lat' dir='ltr'><strong>NOMINE.</strong></span> <span class='ocrx_word' id='word_1_6' title='bbox 1220 997 1368 1030; x_wconf 88' lang='lat' dir='ltr'>AMEN.</span> 
     </span>
    </p>
   </div>
   <div class='ocr_carea' id='block_1_3' title="bbox 135 1116 384 1336">
    <p class='ocr_par' dir='ltr' id='par_1_3' title="bbox 134 1116 388 1336">
     <span class='ocr_line' id='line_1_3' title="bbox 135 1116 384 1336; baseline 0 -210"><span class='ocrx_word' id='word_1_7' title='bbox 135 1116 384 1336; x_wconf 56' lang='lat' dir='ltr'><strong>H</strong></span> 
     </span>
    </p>
   </div>
   <div class='ocr_carea' id='block_1_4' title="bbox 133 1185 136 1368">
    <p class='ocr_par' dir='ltr' id='par_1_4' title="bbox 133 1185 136 1368">
     <span class='ocr_line' id='line_1_4' title="bbox 133 1185 136 1368; baseline 0 2224"><span class='ocrx_word' id='word_1_8' title='bbox 133 1185 136 1368; x_wconf 95' lang='lat' dir='ltr'> </span> 
     </span>
    </p>
   </div>
   <div class='ocr_carea' id='block_1_5' title="bbox 84 1335 101 1368">
    <p class='ocr_par' dir='ltr' id='par_1_5' title="bbox 84 1335 101 1368">
     <span class='ocr_line' id='line_1_5' title="bbox 84 1335 101 1368; baseline 0 0"><span class='ocrx_word' id='word_1_9' title='bbox 84 1335 101 1368; x_wconf 82' lang='lat'><strong>5</strong></span> 
     </span>
    </p>
   </div>
   <div class='ocr_carea' id='block_1_6' title="bbox 392 1173 1974 1378">
    <p class='ocr_par' dir='ltr' id='par_1_6' title="bbox 392 1173 1974 1378">
     <span class='ocr_line' id='line_1_6' title="bbox 392 1173 1971 1217; baseline 0.001 -10"><span class='ocrx_word' id='word_1_10' title='bbox 392 1185 493 1207; x_wconf 87' lang='lat' dir='ltr'><strong>ORUM</strong></span> <span class='ocrx_word' id='word_1_11' title='bbox 517 1184 583 1217; x_wconf 90' lang='lat' dir='ltr'>que</span> <span class='ocrx_word' id='word_1_12' title='bbox 607 1173 650 1205; x_wconf 88' lang='lat' dir='ltr'>ab</span> <span class='ocrx_word' id='word_1_13' title='bbox 673 1173 767 1206; x_wconf 84' lang='lat' dir='ltr'>initio</span> <span class='ocrx_word' id='word_1_14' title='bbox 791 1174 907 1205; x_wconf 91' lang='lat' dir='ltr'>mundi</span> <span class='ocrx_word' id='word_1_15' title='bbox 931 1174 1024 1205; x_wconf 85' lang='lat' dir='ltr'>facta</span> <span class='ocrx_word' id='word_1_16' title='bbox 1054 1180 1130 1205; x_wconf 89' lang='lat' dir='ltr'>sunt</span> <span class='ocrx_word' id='word_1_17' title='bbox 1152 1184 1260 1216; x_wconf 88' lang='lat' dir='ltr'>usque</span> <span class='ocrx_word' id='word_1_18' title='bbox 1292 1184 1393 1212; x_wconf 89' lang='lat' dir='ltr'>nunc,</span> <span class='ocrx_word' id='word_1_19' title='bbox 1418 1174 1569 1207; x_wconf 86' lang='lat' dir='ltr'>notitiam</span> <span class='ocrx_word' id='word_1_20' title='bbox 1592 1175 1727 1208; x_wconf 88' lang='lat' dir='ltr'>minime</span> <span class='ocrx_word' id='word_1_21' title='bbox 1760 1176 1971 1215; x_wconf 83' lang='lat' dir='ltr'><strong>haberemus,</strong></span> 
     </span>
     <span class='ocr_line' id='line_1_7' title="bbox 405 1226 1974 1271; baseline 0.002 -12"><span class='ocrx_word' id='word_1_22' title='bbox 405 1228 466 1260; x_wconf 89' lang='lat' dir='ltr'>nisi</span> <span class='ocrx_word' id='word_1_23' title='bbox 488 1226 672 1269; x_wconf 90' lang='lat' dir='ltr'>proborum</span> <span class='ocrx_word' id='word_1_24' title='bbox 688 1227 836 1259; x_wconf 81' lang='lat' dir='ltr'>virorum</span> <span class='ocrx_word' id='word_1_25' title='bbox 860 1226 1038 1270; x_wconf 82' lang='lat' dir='ltr'>diligentia</span> <span class='ocrx_word' id='word_1_26' title='bbox 1062 1227 1221 1259; x_wconf 85' lang='lat' dir='ltr'>Ystoria¹</span> <span class='ocrx_word' id='word_1_27' title='bbox 1248 1227 1492 1269; x_wconf 83' lang='lat' dir='ltr'>descripsisset,</span> <span class='ocrx_word' id='word_1_28' title='bbox 1511 1228 1544 1259; x_wconf 87' lang='lat' dir='ltr'>in</span> <span class='ocrx_word' id='word_1_29' title='bbox 1561 1228 1682 1271; x_wconf 90' lang='lat' dir='ltr'>quibus</span> <span class='ocrx_word' id='word_1_30' title='bbox 1699 1229 1767 1260; x_wconf 89' lang='lat' dir='ltr'>vita</span> <span class='ocrx_word' id='word_1_31' title='bbox 1785 1236 1819 1261; x_wconf 88' lang='lat' dir='ltr'>et</span> <span class='ocrx_word' id='word_1_32' title='bbox 1841 1230 1974 1262; x_wconf 80' lang='lat' dir='ltr'>scelera</span> 
     </span>
     <span class='ocr_line' id='line_1_8' title="bbox 404 1280 1972 1323; baseline 0.002 -11"><span class='ocrx_word' id='word_1_33' title='bbox 404 1280 567 1312; x_wconf 82' lang='lat' dir='ltr'>malorum</span> <span class='ocrx_word' id='word_1_34' title='bbox 583 1280 755 1311; x_wconf 90' lang='lat' dir='ltr'>hominum</span> <span class='ocrx_word' id='word_1_35' title='bbox 779 1286 975 1323; x_wconf 86' lang='lat' dir='ltr'>arguuntur,</span> <span class='ocrx_word' id='word_1_36' title='bbox 993 1280 1131 1312; x_wconf 89' lang='lat' dir='ltr'>virtutes</span> <span class='ocrx_word' id='word_1_37' title='bbox 1147 1290 1228 1312; x_wconf 85' lang='lat' dir='ltr'>vero</span> <span class='ocrx_word' id='word_1_38' title='bbox 1246 1280 1412 1312; x_wconf 90' lang='lat' dir='ltr'>bonorum</span> <span class='ocrx_word' id='word_1_39' title='bbox 1429 1286 1463 1312; x_wconf 85' lang='lat' dir='ltr'>et</span> <span class='ocrx_word' id='word_1_40' title='bbox 1479 1291 1584 1323; x_wconf 88' lang='lat' dir='ltr'>opera</span> <span class='ocrx_word' id='word_1_41' title='bbox 1600 1281 1783 1314; x_wconf 81' lang='lat' dir='ltr'>laudabilia</span> <span class='ocrx_word' id='word_1_42' title='bbox 1800 1293 1972 1315; x_wconf 88' lang='lat' dir='ltr'>commen-</span> 
     </span>
     <span class='ocr_line' id='line_1_9' title="bbox 405 1332 1969 1378; baseline 0.003 -14"><span class='ocrx_word' id='word_1_43' title='bbox 405 1333 537 1365; x_wconf 85' lang='lat' dir='ltr'>dantur.</span> <span class='ocrx_word' id='word_1_44' title='bbox 562 1332 885 1376; x_wconf 78' lang='lat' dir='ltr'>Istoriogroforum²</span> <span class='ocrx_word' id='word_1_45' title='bbox 910 1333 1023 1375; x_wconf 88' lang='lat' dir='ltr'>itaque</span> <span class='ocrx_word' id='word_1_46' title='bbox 1048 1333 1192 1376; x_wconf 83' lang='lat' dir='ltr'>vestigia</span> <span class='ocrx_word' id='word_1_47' title='bbox 1215 1344 1278 1375; x_wconf 89' lang='lat' dir='ltr'>pro</span> <span class='ocrx_word' id='word_1_48' title='bbox 1302 1339 1419 1365; x_wconf 91' lang='lat' dir='ltr'>nostro</span> <span class='ocrx_word' id='word_1_49' title='bbox 1444 1334 1595 1366; x_wconf 88' lang='lat' dir='ltr'>modullo</span> <span class='ocrx_word' id='word_1_50' title='bbox 1620 1335 1798 1373; x_wconf 85' lang='lat' dir='ltr'>imitantes,</span> <span class='ocrx_word' id='word_1_51' title='bbox 1823 1337 1969 1378; x_wconf 87' lang='lat' dir='ltr'>quedam</span> 
     </span>
    </p>
   </div>
   <div class='ocr_carea' id='block_1_7' title="bbox 68 1385 1973 1642">
    <p class='ocr_par' dir='ltr' id='par_1_7' title="bbox 68 1385 1973 1642">
     <span class='ocr_line' id='line_1_10' title="bbox 131 1385 1971 1432; baseline 0.001 -13"><span class='ocrx_word' id='word_1_52' title='bbox 131 1399 197 1432; x_wconf 92' lang='lat' dir='ltr'>que</span> <span class='ocrx_word' id='word_1_53' title='bbox 222 1387 343 1419; x_wconf 89' lang='lat' dir='ltr'>nostris</span> <span class='ocrx_word' id='word_1_54' title='bbox 366 1385 575 1428; x_wconf 85' lang='lat' dir='ltr'>temporibus</span> <span class='ocrx_word' id='word_1_55' title='bbox 598 1387 691 1418; x_wconf 73' lang='lat' dir='ltr'>facta</span> <span class='ocrx_word' id='word_1_56' title='bbox 713 1391 790 1418; x_wconf 85' lang='lat' dir='ltr'>sunt</span> <span class='ocrx_word' id='word_1_57' title='bbox 814 1386 847 1417; x_wconf 93' lang='lat' dir='ltr'>in</span> <span class='ocrx_word' id='word_1_58' title='bbox 870 1386 1022 1428; x_wconf 89' lang='lat' dir='ltr'>partibus</span> <span class='ocrx_word' id='word_1_59' title='bbox 1046 1386 1203 1418; x_wconf 91' lang='lat' dir='ltr'>Marchie</span> <span class='ocrx_word' id='word_1_60' title='bbox 1220 1387 1275 1418; x_wconf 90' lang='lat' dir='ltr'>vel</span> <span class='ocrx_word' id='word_1_61' title='bbox 1298 1386 1518 1430; x_wconf 87' lang='lat' dir='ltr'>Longbardie</span> <span class='ocrx_word' id='word_1_62' title='bbox 1543 1397 1603 1419; x_wconf 89' lang='lat' dir='ltr'>seu</span> <span class='ocrx_word' id='word_1_63' title='bbox 1628 1393 1722 1419; x_wconf 81' lang='lat' dir='ltr'>extra</span> <span class='ocrx_word' id='word_1_64' title='bbox 1738 1389 1822 1420; x_wconf 88' lang='lat' dir='ltr'>fines</span> <span class='ocrx_word' id='word_1_65' title='bbox 1846 1390 1971 1429; x_wconf 89' lang='lat' dir='ltr'>Ytalie‚</span> 
     </span>
     <span class='ocr_line' id='line_1_11' title="bbox 132 1439 1969 1484; baseline 0.002 -12"><span class='ocrx_word' id='word_1_66' title='bbox 132 1442 166 1472; x_wconf 89' lang='lat' dir='ltr'>in</span> <span class='ocrx_word' id='word_1_67' title='bbox 188 1440 345 1483; x_wconf 83' lang='lat' dir='ltr'>prexenti</span> <span class='ocrx_word' id='word_1_68' title='bbox 361 1439 525 1482; x_wconf 90' lang='lat' dir='ltr'>opusculo</span> <span class='ocrx_word' id='word_1_69' title='bbox 540 1439 753 1472; x_wconf 90' lang='lat' dir='ltr'>decrevimus</span> <span class='ocrx_word' id='word_1_70' title='bbox 769 1439 830 1471; x_wconf 91' lang='lat' dir='ltr'>sub</span> <span class='ocrx_word' id='word_1_71' title='bbox 847 1439 1053 1482; x_wconf 90' lang='lat' dir='ltr'>compendio</span> <span class='ocrx_word' id='word_1_72' title='bbox 1078 1439 1274 1477; x_wconf 80' lang='lat' dir='ltr'>declarare3</span> <span class='ocrx_word' id='word_1_73' title='bbox 1300 1446 1336 1472; x_wconf 89' lang='lat' dir='ltr'>ut</span> <span class='ocrx_word' id='word_1_74' title='bbox 1359 1441 1487 1482; x_wconf 89' lang='lat' dir='ltr'>posteri</span> <span class='ocrx_word' id='word_1_75' title='bbox 1510 1441 1576 1472; x_wconf 89' lang='lat' dir='ltr'>hec</span> <span class='ocrx_word' id='word_1_76' title='bbox 1600 1441 1765 1484; x_wconf 83' lang='lat' dir='ltr'>legentes,</span> <span class='ocrx_word' id='word_1_77' title='bbox 1790 1443 1969 1484; x_wconf 89' lang='lat' dir='ltr'>preterito-</span> 
     </span>
     <span class='ocr_line' id='line_1_12' title="bbox 129 1492 1970 1536; baseline 0.002 -10"><span class='ocrx_word' id='word_1_78' title='bbox 129 1505 203 1526; x_wconf 86' lang='lat' dir='ltr'>rum</span> <span class='ocrx_word' id='word_1_79' title='bbox 226 1493 388 1525; x_wconf 89' lang='lat' dir='ltr'>memoria</span> <span class='ocrx_word' id='word_1_80' title='bbox 400 1492 411 1511; x_wconf 84' lang='lat'>³</span> <span class='ocrx_word' id='word_1_81' title='bbox 434 1493 652 1531; x_wconf 87' lang='lat' dir='ltr'>instruantur,</span> <span class='ocrx_word' id='word_1_82' title='bbox 670 1493 752 1535; x_wconf 90' lang='lat' dir='ltr'>quid</span> <span class='ocrx_word' id='word_1_83' title='bbox 777 1493 870 1524; x_wconf 87' lang='lat' dir='ltr'>circa</span> <span class='ocrx_word' id='word_1_84' title='bbox 892 1492 1066 1535; x_wconf 88' lang='lat' dir='ltr'>presentia</span> <span class='ocrx_word' id='word_1_85' title='bbox 1080 1493 1136 1525; x_wconf 83' lang='lat' dir='ltr'>vel</span> <span class='ocrx_word' id='word_1_86' title='bbox 1160 1493 1274 1525; x_wconf 83' lang='lat' dir='ltr'>futura</span> <span class='ocrx_word' id='word_1_87' title='bbox 1291 1493 1418 1536; x_wconf 84' lang='lat' dir='ltr'>eligere</span> <span class='ocrx_word' id='word_1_88' title='bbox 1437 1493 1586 1525; x_wconf 86' lang='lat' dir='ltr'>debeant</span> <span class='ocrx_word' id='word_1_89' title='bbox 1603 1494 1657 1525; x_wconf 90' lang='lat' dir='ltr'>vel</span> <span class='ocrx_word' id='word_1_90' title='bbox 1675 1494 1791 1527; x_wconf 86' lang='lat' dir='ltr'>vitare.</span> <span class='ocrx_word' id='word_1_91' title='bbox 1817 1495 1877 1528; x_wconf 89' lang='lat' dir='ltr'>Set</span> <span class='ocrx_word' id='word_1_92' title='bbox 1894 1507 1970 1528; x_wconf 91' lang='lat' dir='ltr'>cum</span> 
     </span>
     <span class='ocr_line' id='line_1_13' title="bbox 129 1546 1973 1588; baseline 0.002 -10"><span class='ocrx_word' id='word_1_93' title='bbox 129 1547 171 1579; x_wconf 88' lang='lat' dir='ltr'>sit</span> <span class='ocrx_word' id='word_1_94' title='bbox 194 1546 348 1579; x_wconf 87' lang='lat' dir='ltr'>omnibus</span> <span class='ocrx_word' id='word_1_95' title='bbox 371 1546 598 1584; x_wconf 78' lang='lat' dir='ltr'>manifestum,</span> <span class='ocrx_word' id='word_1_96' title='bbox 617 1546 709 1588; x_wconf 92' lang='lat' dir='ltr'>quod</span> <span class='ocrx_word' id='word_1_97' title='bbox 729 1546 743 1561; x_wconf 87' lang='lat'>“</span> <span class='ocrx_word' id='word_1_98' title='bbox 762 1546 947 1578; x_wconf 88' lang='lat' dir='ltr'>concordia</span> <span class='ocrx_word' id='word_1_99' title='bbox 962 1557 1067 1588; x_wconf 85' lang='lat' dir='ltr'>parve</span> <span class='ocrx_word' id='word_1_100' title='bbox 1091 1556 1146 1577; x_wconf 90' lang='lat' dir='ltr'>res</span> <span class='ocrx_word' id='word_1_101' title='bbox 1163 1552 1332 1585; x_wconf 86' lang='lat' dir='ltr'>crescunt,</span> <span class='ocrx_word' id='word_1_102' title='bbox 1357 1546 1530 1578; x_wconf 90' lang='lat' dir='ltr'>discordia</span> <span class='ocrx_word' id='word_1_103' title='bbox 1547 1557 1629 1579; x_wconf 88' lang='lat' dir='ltr'>vero</span> <span class='ocrx_word' id='word_1_104' title='bbox 1655 1548 1798 1579; x_wconf 73' lang='lat' dir='ltr'>maxime</span> <span class='ocrx_word' id='word_1_105' title='bbox 1817 1548 1973 1581; x_wconf 91' lang='lat' dir='ltr'>dilabun-</span> 
     </span>
     <span class='ocr_line' id='line_1_14' title="bbox 68 1598 1967 1642; baseline 0.002 -11"><span class='ocrx_word' id='word_1_106' title='bbox 68 1601 105 1632; x_wconf 87' lang='lat'>10</span> <span class='ocrx_word' id='word_1_107' title='bbox 128 1598 227 1640; x_wconf 82' lang='lat' dir='ltr'>tur„⁴</span> <span class='ocrx_word' id='word_1_108' title='bbox 250 1605 345 1642; x_wconf 87' lang='lat' dir='ltr'>patet</span> <span class='ocrx_word' id='word_1_109' title='bbox 368 1598 480 1642; x_wconf 85' lang='lat' dir='ltr'>igitur,</span> <span class='ocrx_word' id='word_1_110' title='bbox 505 1599 598 1641; x_wconf 91' lang='lat' dir='ltr'>quod</span> <span class='ocrx_word' id='word_1_111' title='bbox 623 1598 810 1631; x_wconf 92' lang='lat' dir='ltr'>concordia</span> <span class='ocrx_word' id='word_1_112' title='bbox 834 1605 884 1631; x_wconf 92' lang='lat' dir='ltr'>est</span> <span class='ocrx_word' id='word_1_113' title='bbox 907 1599 985 1631; x_wconf 89' lang='lat' dir='ltr'>totis</span> <span class='ocrx_word' id='word_1_114' title='bbox 1009 1598 1135 1631; x_wconf 90' lang='lat' dir='ltr'>viribus</span> <span class='ocrx_word' id='word_1_115' title='bbox 1161 1599 1330 1642; x_wconf 87' lang='lat' dir='ltr'>eligenda,</span> <span class='ocrx_word' id='word_1_116' title='bbox 1349 1599 1522 1632; x_wconf 89' lang='lat' dir='ltr'>discordia</span> <span class='ocrx_word' id='word_1_117' title='bbox 1546 1599 1700 1632; x_wconf 90' lang='lat' dir='ltr'>omnibus</span> <span class='ocrx_word' id='word_1_118' title='bbox 1724 1607 1775 1633; x_wconf 89' lang='lat' dir='ltr'>est</span> <span class='ocrx_word' id='word_1_119' title='bbox 1799 1602 1967 1635; x_wconf 88' lang='lat' dir='ltr'>evitanda.</span> 
     </span>
    </p>
   </div>
   <div class='ocr_carea' id='block_1_8' title="bbox 657 1695 1442 1738">
    <p class='ocr_par' dir='ltr' id='par_1_8' title="bbox 657 1695 1442 1738">
     <span class='ocr_line' id='line_1_15' title="bbox 657 1695 1442 1738; baseline 0.001 -11"><span class='ocrx_word' id='word_1_120' title='bbox 657 1695 703 1727; x_wconf 93' lang='lat' dir='ltr'>In</span> <span class='ocrx_word' id='word_1_121' title='bbox 734 1695 1054 1738; x_wconf 90' lang='lat' dir='ltr'>CCC⁰XXVIIJ</span> <span class='ocrx_word' id='word_1_122' title='bbox 1085 1695 1175 1727; x_wconf 88' lang='lat' dir='ltr'>sine</span> <span class='ocrx_word' id='word_1_123' title='bbox 1207 1695 1442 1728; x_wconf 87' lang='lat' dir='ltr'>millesimo.</span> 
     </span>
    </p>
   </div>
   <div class='ocr_carea' id='block_1_9' title="bbox 214 1774 1973 1819">
    <p class='ocr_par' dir='ltr' id='par_1_9' title="bbox 214 1774 1973 1819">
     <span class='ocr_line' id='line_1_16' title="bbox 214 1774 1973 1819; baseline 0.001 -10"><span class='ocrx_word' id='word_1_124' title='bbox 214 1777 342 1809; x_wconf 88' lang='lat' dir='ltr'>Sancta</span> <span class='ocrx_word' id='word_1_125' title='bbox 366 1776 525 1808; x_wconf 87' lang='lat' dir='ltr'>Ursulina</span> <span class='ocrx_word' id='word_1_126' title='bbox 540 1775 550 1791; x_wconf 81' lang='lat'>⁵</span> <span class='ocrx_word' id='word_1_127' title='bbox 575 1786 651 1807; x_wconf 91' lang='lat' dir='ltr'>cum</span> <span class='ocrx_word' id='word_1_128' title='bbox 682 1775 842 1808; x_wconf 89' lang='lat' dir='ltr'>undecim</span> <span class='ocrx_word' id='word_1_129' title='bbox 873 1775 1008 1807; x_wconf 90' lang='lat' dir='ltr'>milibus</span> <span class='ocrx_word' id='word_1_130' title='bbox 1032 1774 1218 1819; x_wconf 84' lang='lat' dir='ltr'>virginibus</span> <span class='ocrx_word' id='word_1_131' title='bbox 1249 1776 1381 1818; x_wconf 88' lang='lat' dir='ltr'>recepit</span> <span class='ocrx_word' id='word_1_132' title='bbox 1403 1775 1596 1818; x_wconf 84' lang='lat' dir='ltr'>passionem</span> <span class='ocrx_word' id='word_1_133' title='bbox 1619 1788 1684 1819; x_wconf 92' lang='lat' dir='ltr'>pro</span> <span class='ocrx_word' id='word_1_134' title='bbox 1708 1778 1776 1811; x_wconf 90' lang='lat' dir='ltr'>fide</span> <span class='ocrx_word' id='word_1_135' title='bbox 1792 1778 1922 1811; x_wconf 86' lang='lat' dir='ltr'>Christi</span> <span class='ocrx_word' id='word_1_136' title='bbox 1953 1789 1973 1811; x_wconf 86' lang='lat' dir='ltr'>a</span> 
     </span>
    </p>
   </div>
   <div class='ocr_carea' id='block_1_10' title="bbox 128 1829 551 1863">
    <p class='ocr_par' dir='ltr' id='par_1_10' title="bbox 128 1829 551 1863">
     <span class='ocr_line' id='line_1_17' title="bbox 128 1829 551 1863; baseline -0.005 0"><span class='ocrx_word' id='word_1_137' title='bbox 128 1829 280 1863; x_wconf 86' lang='lat' dir='ltr'>barbaris</span> <span class='ocrx_word' id='word_1_138' title='bbox 303 1829 338 1861; x_wconf 90' lang='lat' dir='ltr'>in</span> <span class='ocrx_word' id='word_1_139' title='bbox 360 1829 551 1862; x_wconf 89' lang='lat' dir='ltr'>Coloniam.</span> 
     </span>
    </p>
   </div>
   <div class='ocr_carea' id='block_1_11' title="bbox 498 1925 1597 1967">
    <p class='ocr_par' dir='ltr' id='par_1_11' title="bbox 498 1925 1597 1967">
     <span class='ocr_line' id='line_1_18' title="bbox 498 1925 1597 1967; baseline 0.002 -10"><span class='ocrx_word' id='word_1_140' title='bbox 498 1926 538 1957; x_wconf 86' lang='lat' dir='ltr'>In</span> <span class='ocrx_word' id='word_1_141' title='bbox 562 1929 641 1967; x_wconf 76' lang='lat' dir='ltr'>v11J⁰</span> <span class='ocrx_word' id='word_1_142' title='bbox 663 1929 746 1958; x_wconf 74' lang='lat' dir='ltr'>11110r</span> <span class='ocrx_word' id='word_1_143' title='bbox 769 1926 865 1958; x_wconf 89' lang='lat' dir='ltr'>annis</span> <span class='ocrx_word' id='word_1_144' title='bbox 888 1926 960 1959; x_wconf 84' lang='lat' dir='ltr'>sine</span> <span class='ocrx_word' id='word_1_145' title='bbox 984 1926 1161 1958; x_wconf 85' lang='lat' dir='ltr'>millesimo</span> <span class='ocrx_word' id='word_1_146' title='bbox 1186 1926 1242 1958; x_wconf 90' lang='lat' dir='ltr'>die</span> <span class='ocrx_word' id='word_1_147' title='bbox 1267 1936 1341 1958; x_wconf 81' lang='lat' dir='ltr'>xxv</span> <span class='ocrx_word' id='word_1_148' title='bbox 1364 1925 1489 1959; x_wconf 86' lang='lat' dir='ltr'>mensis</span> <span class='ocrx_word' id='word_1_149' title='bbox 1505 1926 1597 1959; x_wconf 88' lang='lat' dir='ltr'>iunii.</span> 
     </span>
    </p>
   </div>
   <div class='ocr_carea' id='block_1_12' title="bbox 85 2007 98 2014">
    <p class='ocr_par' dir='ltr' id='par_1_12' title="bbox 85 2007 98 2014">
     <span class='ocr_line' id='line_1_19' title="bbox 85 2007 98 2014; baseline 0 0"><span class='ocrx_word' id='word_1_150' title='bbox 85 2007 98 2014; x_wconf 65' lang='lat' dir='ltr'>a</span> 
     </span>
    </p>
   </div>
   <div class='ocr_carea' id='block_1_13' title="bbox 63 2006 1968 2051">
    <p class='ocr_par' dir='ltr' id='par_1_13' title="bbox 63 2006 1968 2051">
     <span class='ocr_line' id='line_1_20' title="bbox 63 2006 1968 2051; baseline 0.002 -12"><span class='ocrx_word' id='word_1_151' title='bbox 63 2009 99 2039; x_wconf 72' lang='lat' dir='ltr'>lo</span> <span class='ocrx_word' id='word_1_152' title='bbox 213 2008 251 2040; x_wconf 89' lang='lat' dir='ltr'>In</span> <span class='ocrx_word' id='word_1_153' title='bbox 275 2007 331 2039; x_wconf 90' lang='lat' dir='ltr'>die</span> <span class='ocrx_word' id='word_1_154' title='bbox 355 2007 465 2040; x_wconf 83' lang='lat' dir='ltr'>sancti</span> <span class='ocrx_word' id='word_1_155' title='bbox 488 2007 559 2039; x_wconf 82' lang='lat' dir='ltr'>Viti</span> <span class='ocrx_word' id='word_1_156' title='bbox 582 2007 647 2039; x_wconf 79' lang='lat' dir='ltr'>fuit</span> <span class='ocrx_word' id='word_1_157' title='bbox 669 2006 815 2050; x_wconf 86' lang='lat' dir='ltr'>prelium</span> <span class='ocrx_word' id='word_1_158' title='bbox 838 2006 1062 2046; x_wconf 86' lang='lat' dir='ltr'>Runcisvalli‚</span> <span class='ocrx_word' id='word_1_159' title='bbox 1087 2006 1145 2038; x_wconf 89' lang='lat' dir='ltr'>ubi</span> <span class='ocrx_word' id='word_1_160' title='bbox 1168 2006 1350 2039; x_wconf 87' lang='lat' dir='ltr'>Rolandus</span> <span class='ocrx_word' id='word_1_161' title='bbox 1374 2017 1451 2040; x_wconf 90' lang='lat' dir='ltr'>cum</span> <span class='ocrx_word' id='word_1_162' title='bbox 1475 2006 1542 2039; x_wconf 92' lang='lat' dir='ltr'>suis</span> <span class='ocrx_word' id='word_1_163' title='bbox 1567 2007 1750 2040; x_wconf 88' lang='lat' dir='ltr'>duodecim</span> <span class='ocrx_word' id='word_1_164' title='bbox 1773 2008 1911 2051; x_wconf 86' lang='lat' dir='ltr'>paribus</span> <span class='ocrx_word' id='word_1_165' title='bbox 1935 2017 1968 2043; x_wconf 88' lang='lat' dir='ltr'>et</span> 
     </span>
    </p>
   </div>
   <div class='ocr_carea' id='block_1_14' title="bbox 124 2059 1970 2156">
    <p class='ocr_par' dir='ltr' id='par_1_14' title="bbox 124 2059 1970 2156">
     <span class='ocr_line' id='line_1_21' title="bbox 124 2059 1970 2107; baseline 0.002 -15"><span class='ocrx_word' id='word_1_166' title='bbox 124 2071 202 2092; x_wconf 91' lang='lat' dir='ltr'>cum</span> <span class='ocrx_word' id='word_1_167' title='bbox 226 2060 381 2093; x_wconf 89' lang='lat' dir='ltr'>omnibus</span> <span class='ocrx_word' id='word_1_168' title='bbox 403 2060 477 2092; x_wconf 89' lang='lat' dir='ltr'>aliis</span> <span class='ocrx_word' id='word_1_169' title='bbox 499 2061 567 2092; x_wconf 89' lang='lat' dir='ltr'>suis</span> <span class='ocrx_word' id='word_1_170' title='bbox 590 2060 683 2092; x_wconf 88' lang='lat' dir='ltr'>sotiis</span> <span class='ocrx_word' id='word_1_171' title='bbox 707 2066 741 2093; x_wconf 91' lang='lat' dir='ltr'>et</span> <span class='ocrx_word' id='word_1_172' title='bbox 763 2059 967 2104; x_wconf 86' lang='lat' dir='ltr'>sequacibus</span> <span class='ocrx_word' id='word_1_173' title='bbox 990 2059 1115 2092; x_wconf 83' lang='lat' dir='ltr'>mortui</span> <span class='ocrx_word' id='word_1_174' title='bbox 1132 2060 1270 2092; x_wconf 84' lang='lat' dir='ltr'>fuerunt</span> <span class='ocrx_word' id='word_1_175' title='bbox 1284 2070 1348 2103; x_wconf 89' lang='lat' dir='ltr'>pro</span> <span class='ocrx_word' id='word_1_176' title='bbox 1372 2060 1576 2092; x_wconf 87' lang='lat' dir='ltr'>tradimento</span> <span class='ocrx_word' id='word_1_177' title='bbox 1601 2061 1713 2104; x_wconf 88' lang='lat' dir='ltr'>Gayni</span> <span class='ocrx_word' id='word_1_178' title='bbox 1730 2062 1773 2094; x_wconf 90' lang='lat' dir='ltr'>de</span> <span class='ocrx_word' id='word_1_179' title='bbox 1797 2063 1970 2107; x_wconf 75' lang='lat' dir='ltr'>Maganca</span> 
     </span>
     <span class='ocr_line' id='line_1_22' title="bbox 125 2112 1623 2156; baseline 0 -10"><span class='ocrx_word' id='word_1_180' title='bbox 125 2119 159 2146; x_wconf 92' lang='lat' dir='ltr'>et</span> <span class='ocrx_word' id='word_1_181' title='bbox 182 2119 263 2146; x_wconf 84' lang='lat' dir='ltr'>tunc</span> <span class='ocrx_word' id='word_1_182' title='bbox 287 2114 398 2146; x_wconf 87' lang='lat' dir='ltr'>dictus</span> <span class='ocrx_word' id='word_1_183' title='bbox 422 2113 602 2146; x_wconf 90' lang='lat' dir='ltr'>Rolandus</span> <span class='ocrx_word' id='word_1_184' title='bbox 626 2119 699 2146; x_wconf 88' lang='lat' dir='ltr'>erat</span> <span class='ocrx_word' id='word_1_185' title='bbox 722 2114 820 2146; x_wconf 88' lang='lat' dir='ltr'>etatis</span> <span class='ocrx_word' id='word_1_186' title='bbox 842 2123 983 2154; x_wconf 79' lang='lat' dir='ltr'>xxxvuJ</span> <span class='ocrx_word' id='word_1_187' title='bbox 1008 2123 1171 2146; x_wconf 89' lang='lat' dir='ltr'>annorum</span> <span class='ocrx_word' id='word_1_188' title='bbox 1195 2113 1383 2146; x_wconf 89' lang='lat' dir='ltr'>secundum</span> <span class='ocrx_word' id='word_1_189' title='bbox 1406 2113 1585 2156; x_wconf 90' lang='lat' dir='ltr'>Tripinum</span> <span class='ocrx_word' id='word_1_190' title='bbox 1602 2112 1623 2146; x_wconf 76' lang='lat'>⁶.</span> 
     </span>
    </p>
   </div>
   <div class='ocr_carea' id='block_1_15' title="bbox 125 2247 1966 2321">
    <p class='ocr_par' dir='ltr' id='par_1_15' title="bbox 125 2247 1966 2321">
     <span class='ocr_line' id='line_1_23' title="bbox 211 2247 1966 2280; baseline 0.001 -9"><span class='ocrx_word' id='word_1_191' title='bbox 211 2252 282 2278; x_wconf 88' lang='lat'><strong>1-17.</strong></span> <span class='ocrx_word' id='word_1_192' title='bbox 301 2251 368 2271; x_wconf 74' lang='lat' dir='ltr'>tutte</span> <span class='ocrx_word' id='word_1_193' title='bbox 387 2250 474 2278; x_wconf 78' lang='lat' dir='ltr'>queste</span> <span class='ocrx_word' id='word_1_194' title='bbox 493 2247 559 2271; x_wconf 79' lang='lat' dir='ltr'>lz&#39;nee</span> <span class='ocrx_word' id='word_1_195' title='bbox 579 2255 702 2271; x_wconf 78' lang='lat' dir='ltr'>mancam&gt;</span> <span class='ocrx_word' id='word_1_196' title='bbox 722 2248 851 2273; x_wconf 75' lang='lat' dir='ltr'>nell&#39;edz&#39;z.</span> <span class='ocrx_word' id='word_1_197' title='bbox 871 2248 914 2271; x_wconf 74' lang='lat' dir='ltr'>del</span> <span class='ocrx_word' id='word_1_198' title='bbox 926 2248 1002 2273; x_wconf 79' lang='lat' dir='ltr'><strong>MUR.</strong></span> <span class='ocrx_word' id='word_1_199' title='bbox 1023 2262 1055 2266; x_wconf 89' lang='lat'><strong>—</strong></span> <span class='ocrx_word' id='word_1_200' title='bbox 1075 2248 1100 2273; x_wconf 83' lang='lat'>8.</span> <span class='ocrx_word' id='word_1_201' title='bbox 1119 2247 1280 2272; x_wconf 84' lang='lat' dir='ltr'>memoriam</span> <span class='ocrx_word' id='word_1_202' title='bbox 1300 2248 1323 2271; x_wconf 80' lang='lat' dir='ltr'><em>A</em></span> <span class='ocrx_word' id='word_1_203' title='bbox 1338 2261 1368 2265; x_wconf 90' lang='lat'>—</span> <span class='ocrx_word' id='word_1_204' title='bbox 1386 2253 1424 2278; x_wconf 87' lang='lat'>17.</span> <span class='ocrx_word' id='word_1_205' title='bbox 1439 2247 1483 2271; x_wconf 82' lang='lat' dir='ltr'>nel</span> <span class='ocrx_word' id='word_1_206' title='bbox 1499 2249 1618 2279; x_wconf 70' lang='lat' dir='ltr'>margine</span> <span class='ocrx_word' id='word_1_207' title='bbox 1637 2249 1721 2272; x_wconf 67' lang='lat' dir='ltr'>dextro</span> <span class='ocrx_word' id='word_1_208' title='bbox 1734 2249 1759 2271; x_wconf 72' lang='lat' dir='ltr'>si</span> <span class='ocrx_word' id='word_1_209' title='bbox 1777 2248 1847 2280; x_wconf 69' lang='lat' dir='ltr'>[egge</span> <span class='ocrx_word' id='word_1_210' title='bbox 1867 2249 1966 2273; x_wconf 74' lang='lat' dir='ltr'>d&#39;altra</span> 
     </span>
     <span class='ocr_line' id='line_1_24' title="bbox 125 2288 1306 2321; baseline 0.003 -10"><span class='ocrx_word' id='word_1_211' title='bbox 125 2295 199 2312; x_wconf 83' lang='lat' dir='ltr'>mano</span> <span class='ocrx_word' id='word_1_212' title='bbox 219 2288 318 2319; x_wconf 82' lang='lat' dir='ltr'>(quella</span> <span class='ocrx_word' id='word_1_213' title='bbox 336 2290 382 2312; x_wconf 82' lang='lat' dir='ltr'>cui</span> <span class='ocrx_word' id='word_1_214' title='bbox 398 2290 483 2313; x_wconf 66' lang='lat' dir='ltr'>devexi</span> <span class='ocrx_word' id='word_1_215' title='bbox 500 2290 526 2312; x_wconf 83' lang='lat' dir='ltr'>la</span> <span class='ocrx_word' id='word_1_216' title='bbox 545 2291 640 2313; x_wconf 67' lang='lat' dir='ltr'>notizia</span> <span class='ocrx_word' id='word_1_217' title='bbox 659 2290 689 2312; x_wconf 76' lang='grc' dir='ltr'>ἅτ’</span> <span class='ocrx_word' id='word_1_218' title='bbox 706 2291 752 2313; x_wconf 84' lang='lat' dir='ltr'>mz&#39;</span> <span class='ocrx_word' id='word_1_219' title='bbox 761 2289 834 2313; x_wconf 79' lang='lat' dir='ltr'>altra</span> <span class='ocrx_word' id='word_1_220' title='bbox 853 2289 941 2321; x_wconf 83' lang='lat' dir='ltr'>nota):</span> <span class='ocrx_word' id='word_1_221' title='bbox 962 2290 1057 2314; x_wconf 82' lang='lat' dir='ltr'>omnia</span> <span class='ocrx_word' id='word_1_222' title='bbox 1076 2290 1131 2314; x_wconf 70' lang='lat' dir='ltr'>istu.</span> <span class='ocrx_word' id='word_1_223' title='bbox 1150 2289 1221 2314; x_wconf 74' lang='lat' dir='ltr'>falsa</span> <span class='ocrx_word' id='word_1_224' title='bbox 1240 2291 1306 2314; x_wconf 75' lang='lat' dir='ltr'>sunt</span> 
     </span>
    </p>
   </div>
   <div class='ocr_carea' id='block_1_16' title="bbox 62 2358 1015 3026">
    <p class='ocr_par' dir='ltr' id='par_1_16' title="bbox 122 2358 1014 2443">
     <span class='ocr_line' id='line_1_25' title="bbox 212 2358 1014 2401; baseline 0.004 -11"><span class='ocrx_word' id='word_1_225' title='bbox 212 2365 217 2381; x_wconf 94' lang='lat'><strong>¹</strong></span> <span class='ocrx_word' id='word_1_226' title='bbox 243 2367 353 2391; x_wconf 75' lang='lat' dir='ltr'>Ystorz&#39;a.</span> <span class='ocrx_word' id='word_1_227' title='bbox 385 2358 406 2391; x_wconf 65' lang='lat'>1¹3</span> <span class='ocrx_word' id='word_1_228' title='bbox 426 2369 527 2392; x_wconf 81' lang='lat' dir='ltr'>neutro</span> <span class='ocrx_word' id='word_1_229' title='bbox 547 2368 662 2401; x_wconf 73' lang='lat' dir='ltr'>plurale.</span> <span class='ocrx_word' id='word_1_230' title='bbox 689 2367 735 2393; x_wconf 74' lang='lat' dir='ltr'>Cf.</span> <span class='ocrx_word' id='word_1_231' title='bbox 754 2369 802 2393; x_wconf 80' lang='lat' dir='ltr'>Du·</span> <span class='ocrx_word' id='word_1_232' title='bbox 828 2368 942 2398; x_wconf 74' lang='lat' dir='ltr'>CANGE,</span> <span class='ocrx_word' id='word_1_233' title='bbox 966 2368 1014 2398; x_wconf 84' lang='lat' dir='ltr'>IV,</span> 
     </span>
     <span class='ocr_line' id='line_1_26' title="bbox 122 2409 1013 2443; baseline 0.001 -10"><span class='ocrx_word' id='word_1_234' title='bbox 122 2416 148 2440; x_wconf 89' lang='lat' dir='ltr'>p.</span> <span class='ocrx_word' id='word_1_235' title='bbox 161 2414 225 2433; x_wconf 87' lang='lat'>210:</span> <span class='ocrx_word' id='word_1_236' title='bbox 238 2409 401 2433; x_wconf 74' lang='lat' dir='ltr'>“Historiam</span> <span class='ocrx_word' id='word_1_237' title='bbox 411 2409 497 2434; x_wconf 83' lang='lat' dir='ltr'>codex</span> <span class='ocrx_word' id='word_1_238' title='bbox 507 2409 668 2434; x_wconf 76' lang='lat' dir='ltr'>historicus.</span> <span class='ocrx_word' id='word_1_239' title='bbox 684 2409 817 2441; x_wconf 83' lang='lat' dir='ltr'>Comput.</span> <span class='ocrx_word' id='word_1_240' title='bbox 828 2410 880 2434; x_wconf 85' lang='lat' dir='ltr'>Ms.</span> <span class='ocrx_word' id='word_1_241' title='bbox 892 2417 936 2434; x_wconf 88' lang='lat' dir='ltr'>an.</span> <span class='ocrx_word' id='word_1_242' title='bbox 949 2415 1013 2443; x_wconf 81' lang='lat'>1245</span> 
     </span>
    </p>

    <p class='ocr_par' dir='ltr' id='par_1_17' title="bbox 79 2450 1015 2651">
     <span class='ocr_line' id='line_1_27' title="bbox 79 2450 1015 2483; baseline 0.001 -9"><span class='ocrx_word' id='word_1_243' title='bbox 79 2454 91 2479; x_wconf 86' lang='lat'><strong>5</strong></span> <span class='ocrx_word' id='word_1_244' title='bbox 122 2450 179 2475; x_wconf 81' lang='lat' dir='ltr'>“ex</span> <span class='ocrx_word' id='word_1_245' title='bbox 197 2450 266 2475; x_wconf 90' lang='lat' dir='ltr'>Bibl.</span> <span class='ocrx_word' id='word_1_246' title='bbox 286 2458 341 2482; x_wconf 85' lang='lat' dir='ltr'>reg.</span> <span class='ocrx_word' id='word_1_247' title='bbox 367 2451 418 2475; x_wconf 77' lang='lat' dir='ltr'>Pro</span> <span class='ocrx_word' id='word_1_248' title='bbox 438 2452 549 2482; x_wconf 81' lang='lat' dir='ltr'>quodam</span> <span class='ocrx_word' id='word_1_249' title='bbox 574 2459 679 2474; x_wconf 82' lang='lat' dir='ltr'>romano</span> <span class='ocrx_word' id='word_1_250' title='bbox 698 2451 834 2482; x_wconf 76' lang='lat' dir='ltr'>relig-anda</span> <span class='ocrx_word' id='word_1_251' title='bbox 859 2454 884 2475; x_wconf 85' lang='lat' dir='ltr'>et</span> <span class='ocrx_word' id='word_1_252' title='bbox 899 2455 948 2483; x_wconf 79' lang='lat' dir='ltr'>pro</span> <span class='ocrx_word' id='word_1_253' title='bbox 974 2452 1015 2475; x_wconf 80' lang='lat' dir='ltr'>Izi-</span> 
     </span>
     <span class='ocr_line' id='line_1_28' title="bbox 122 2492 1015 2526; baseline 0.002 -10"><span class='ocrx_word' id='word_1_254' title='bbox 122 2492 135 2505; x_wconf 81' lang='lat'><em>“</em></span> <span class='ocrx_word' id='word_1_255' title='bbox 144 2494 222 2516; x_wconf 76' lang='lat' dir='ltr'>storia</span> <span class='ocrx_word' id='word_1_256' title='bbox 247 2494 278 2516; x_wconf 83' lang='lat' dir='ltr'>de</span> <span class='ocrx_word' id='word_1_257' title='bbox 296 2493 454 2517; x_wconf 73' lang='lat' dir='ltr'>Roncevanx</span> <span class='ocrx_word' id='word_1_258' title='bbox 471 2493 530 2516; x_wconf 87' lang='lat' dir='ltr'>XX</span> <span class='ocrx_word' id='word_1_259' title='bbox 545 2493 588 2517; x_wconf 78' lang='lat' dir='ltr'>sol.</span> <span class='ocrx_word' id='word_1_260' title='bbox 600 2510 624 2524; x_wconf 77' lang='lat' dir='ltr'>n·</span> <span class='ocrx_word' id='word_1_261' title='bbox 661 2492 768 2521; x_wconf 84' lang='lat' dir='ltr'>Questo</span> <span class='ocrx_word' id='word_1_262' title='bbox 794 2494 882 2518; x_wconf 86' lang='lat' dir='ltr'>stesso</span> <span class='ocrx_word' id='word_1_263' title='bbox 908 2501 1015 2526; x_wconf 86' lang='lat' dir='ltr'>pream-</span> 
     </span>
     <span class='ocr_line' id='line_1_29' title="bbox 119 2534 1015 2567; baseline 0.001 -9"><span class='ocrx_word' id='word_1_264' title='bbox 119 2534 186 2558; x_wconf 91' lang='lat' dir='ltr'>bolo</span> <span class='ocrx_word' id='word_1_265' title='bbox 204 2535 308 2567; x_wconf 82' lang='lat' dir='ltr'>leggesi</span> <span class='ocrx_word' id='word_1_266' title='bbox 327 2537 356 2559; x_wconf 82' lang='lat' dir='ltr'>in</span> <span class='ocrx_word' id='word_1_267' title='bbox 371 2535 424 2559; x_wconf 85' lang='lat' dir='ltr'>due</span> <span class='ocrx_word' id='word_1_268' title='bbox 437 2535 528 2559; x_wconf 78' lang='lat' dir='ltr'>codici</span> <span class='ocrx_word' id='word_1_269' title='bbox 546 2535 711 2560; x_wconf 84' lang='lat' dir='ltr'>contenenti</span> <span class='ocrx_word' id='word_1_270' title='bbox 724 2535 762 2567; x_wconf 85' lang='lat' dir='ltr'>gli</span> <span class='ocrx_word' id='word_1_271' title='bbox 777 2535 892 2559; x_wconf 82' lang='lat' dir='ltr'>Annales</span> <span class='ocrx_word' id='word_1_272' title='bbox 904 2536 1015 2559; x_wconf 78' lang='lat' dir='ltr'>Sanctae</span> 
     </span>
     <span class='ocr_line' id='line_1_30' title="bbox 113 2575 1014 2610; baseline 0.003 -11"><span class='ocrx_word' id='word_1_273' title='bbox 113 2575 238 2608; x_wconf 77' lang='lat' dir='ltr'>justinae</span> <span class='ocrx_word' id='word_1_274' title='bbox 258 2577 307 2608; x_wconf 83' lang='lat' dir='ltr'>(M.</span> <span class='ocrx_word' id='word_1_275' title='bbox 324 2578 355 2602; x_wconf 93' lang='lat' dir='ltr'>G.</span> <span class='ocrx_word' id='word_1_276' title='bbox 372 2578 418 2606; x_wconf 90' lang='lat' dir='ltr'>H.,</span> <span class='ocrx_word' id='word_1_277' title='bbox 431 2577 503 2607; x_wconf 81' lang='lat' dir='ltr'>XIX,</span> <span class='ocrx_word' id='word_1_278' title='bbox 519 2586 545 2609; x_wconf 85' lang='lat' dir='ltr'>p.</span> <span class='ocrx_word' id='word_1_279' title='bbox 563 2576 631 2609; x_wconf 83' lang='lat'>149).</span> <span class='ocrx_word' id='word_1_280' title='bbox 669 2577 811 2602; x_wconf 84' lang='lat' dir='ltr'>L’editore</span> <span class='ocrx_word' id='word_1_281' title='bbox 823 2577 859 2602; x_wconf 82' lang='lat' dir='ltr'>ha</span> <span class='ocrx_word' id='word_1_282' title='bbox 874 2579 1014 2610; x_wconf 83' lang='lat' dir='ltr'>stampato</span> 
     </span>
     <span class='ocr_line' id='line_1_31' title="bbox 121 2616 337 2651; baseline -0.009 -7"><span class='ocrx_word' id='word_1_283' title='bbox 121 2616 188 2651; x_wconf 69' lang='lat' dir='ltr'>pero</span> <span class='ocrx_word' id='word_1_284' title='bbox 207 2619 337 2642; x_wconf 78' lang='lat' dir='ltr'>historias.</span> 
     </span>
    </p>

    <p class='ocr_par' dir='ltr' id='par_1_18' title="bbox 63 2658 1015 2861">
     <span class='ocr_line' id='line_1_32' title="bbox 63 2658 1014 2693; baseline 0.003 -11"><span class='ocrx_word' id='word_1_285' title='bbox 63 2665 94 2683; x_wconf 89' lang='lat'>10</span> <span class='ocrx_word' id='word_1_286' title='bbox 209 2658 219 2674; x_wconf 85' lang='lat'><strong>²</strong></span> <span class='ocrx_word' id='word_1_287' title='bbox 243 2660 488 2691; x_wconf 66' lang='lat' dir='ltr'>Ystorz&#39;ogrtffommz.</span> <span class='ocrx_word' id='word_1_288' title='bbox 528 2659 596 2685; x_wconf 66' lang='lat' dir='ltr'>Cosi</span> <span class='ocrx_word' id='word_1_289' title='bbox 621 2661 742 2693; x_wconf 84' lang='lat' dir='ltr'>leggono</span> <span class='ocrx_word' id='word_1_290' title='bbox 765 2661 789 2684; x_wconf 80' lang='lat' dir='ltr'><em>A</em></span> <span class='ocrx_word' id='word_1_291' title='bbox 808 2668 822 2685; x_wconf 84' lang='lat' dir='ltr'>e</span> <span class='ocrx_word' id='word_1_292' title='bbox 840 2661 874 2686; x_wconf 81' lang='grc' dir='ltr'>Β.</span> <span class='ocrx_word' id='word_1_293' title='bbox 910 2661 963 2685; x_wconf 87' lang='lat' dir='ltr'>Per</span> <span class='ocrx_word' id='word_1_294' title='bbox 987 2662 1014 2685; x_wconf 91' lang='lat'>10</span> 
     </span>
     <span class='ocr_line' id='line_1_33' title="bbox 121 2702 1014 2736; baseline 0 -10"><span class='ocrx_word' id='word_1_295' title='bbox 121 2703 221 2726; x_wconf 83' lang='lat' dir='ltr'>stretto</span> <span class='ocrx_word' id='word_1_296' title='bbox 241 2704 375 2733; x_wconf 84' lang='lat' dir='ltr'>rapporto</span> <span class='ocrx_word' id='word_1_297' title='bbox 394 2702 423 2727; x_wconf 81' lang='lat' dir='ltr'>di</span> <span class='ocrx_word' id='word_1_298' title='bbox 441 2703 623 2734; x_wconf 85' lang='lat' dir='ltr'>dipendenza,</span> <span class='ocrx_word' id='word_1_299' title='bbox 643 2703 694 2727; x_wconf 84' lang='lat' dir='ltr'>che</span> <span class='ocrx_word' id='word_1_300' title='bbox 713 2703 737 2726; x_wconf 82' lang='grc' dir='ltr'><em>Α</em></span> <span class='ocrx_word' id='word_1_301' title='bbox 756 2705 884 2736; x_wconf 82' lang='lat' dir='ltr'>presenta</span> <span class='ocrx_word' id='word_1_302' title='bbox 907 2711 958 2727; x_wconf 90' lang='lat' dir='ltr'>con</span> <span class='ocrx_word' id='word_1_303' title='bbox 978 2703 1014 2731; x_wconf 78' lang='lat' dir='ltr'>B,</span> 
     </span>
     <span class='ocr_line' id='line_1_34' title="bbox 120 2744 1015 2777; baseline 0 -9"><span class='ocrx_word' id='word_1_304' title='bbox 120 2751 179 2768; x_wconf 88' lang='lat' dir='ltr'>non</span> <span class='ocrx_word' id='word_1_305' title='bbox 197 2750 340 2775; x_wconf 76' lang='lat' dir='ltr'>avremmo</span> <span class='ocrx_word' id='word_1_306' title='bbox 360 2744 489 2768; x_wconf 80' lang='lat' dir='ltr'>dubitato</span> <span class='ocrx_word' id='word_1_307' title='bbox 509 2753 525 2769; x_wconf 89' lang='lat' dir='ltr'>a</span> <span class='ocrx_word' id='word_1_308' title='bbox 543 2752 706 2777; x_wconf 85' lang='lat' dir='ltr'>correggere</span> <span class='ocrx_word' id='word_1_309' title='bbox 721 2744 974 2776; x_wconf 42' lang='lat' dir='ltr'>,afstorz&#39;ograsorunh</span> <span class='ocrx_word' id='word_1_310' title='bbox 987 2752 1015 2770; x_wconf 79' lang='lat' dir='ltr'>se</span> 
     </span>
     <span class='ocr_line' id='line_1_35' title="bbox 121 2785 1015 2812; baseline 0.002 -2"><span class='ocrx_word' id='word_1_311' title='bbox 121 2793 179 2810; x_wconf 88' lang='lat' dir='ltr'>non</span> <span class='ocrx_word' id='word_1_312' title='bbox 198 2785 314 2810; x_wconf 75' lang='lat' dir='ltr'>fossimo</span> <span class='ocrx_word' id='word_1_313' title='bbox 333 2787 402 2811; x_wconf 81' lang='lat' dir='ltr'>stati</span> <span class='ocrx_word' id='word_1_314' title='bbox 420 2786 511 2810; x_wconf 81' lang='lat' dir='ltr'>tenuti</span> <span class='ocrx_word' id='word_1_315' title='bbox 535 2787 570 2811; x_wconf 87' lang='lat' dir='ltr'>da</span> <span class='ocrx_word' id='word_1_316' title='bbox 590 2795 626 2811; x_wconf 90' lang='lat' dir='ltr'>un</span> <span class='ocrx_word' id='word_1_317' title='bbox 651 2787 772 2812; x_wconf 86' lang='lat' dir='ltr'>dubbio:</span> <span class='ocrx_word' id='word_1_318' title='bbox 792 2787 842 2811; x_wconf 87' lang='lat' dir='ltr'>che</span> <span class='ocrx_word' id='word_1_319' title='bbox 859 2787 886 2811; x_wconf 90' lang='lat' dir='ltr'>la</span> <span class='ocrx_word' id='word_1_320' title='bbox 909 2787 1015 2812; x_wconf 83' lang='lat' dir='ltr'>lezione</span> 
     </span>
     <span class='ocr_line' id='line_1_36' title="bbox 121 2827 1014 2861; baseline 0.002 -10"><span class='ocrx_word' id='word_1_321' title='bbox 121 2827 168 2852; x_wconf 79' lang='lat' dir='ltr'>del</span> <span class='ocrx_word' id='word_1_322' title='bbox 186 2828 279 2852; x_wconf 82' lang='lat' dir='ltr'>codici</span> <span class='ocrx_word' id='word_1_323' title='bbox 298 2828 474 2861; x_wconf 82' lang='lat' dir='ltr'>rappresenti</span> <span class='ocrx_word' id='word_1_324' title='bbox 492 2827 553 2853; x_wconf 74' lang='lat' dir='ltr'>cioe</span> <span class='ocrx_word' id='word_1_325' title='bbox 572 2828 598 2853; x_wconf 78' lang='lat' dir='ltr'>la</span> <span class='ocrx_word' id='word_1_326' title='bbox 617 2830 776 2860; x_wconf 85' lang='lat' dir='ltr'>pronunzia</span> <span class='ocrx_word' id='word_1_327' title='bbox 794 2828 955 2853; x_wconf 74' lang='lat' dir='ltr'>deu‘autore</span> <span class='ocrx_word' id='word_1_328' title='bbox 969 2829 1014 2853; x_wconf 86' lang='lat' dir='ltr'>del</span> 
     </span>
    </p>

    <p class='ocr_par' dir='ltr' id='par_1_19' title="bbox 62 2869 1015 3026">
     <span class='ocr_line' id='line_1_37' title="bbox 62 2869 1015 2902; baseline 0.001 -8"><span class='ocrx_word' id='word_1_329' title='bbox 62 2875 92 2901; x_wconf 81' lang='lat'>15</span> <span class='ocrx_word' id='word_1_330' title='bbox 120 2871 218 2893; x_wconf 82' lang='lat' dir='ltr'>nostro</span> <span class='ocrx_word' id='word_1_331' title='bbox 242 2869 394 2893; x_wconf 74' lang='lat' dir='ltr'>chronicon.</span> <span class='ocrx_word' id='word_1_332' title='bbox 433 2869 542 2898; x_wconf 76' lang='lat' dir='ltr'>Questo</span> <span class='ocrx_word' id='word_1_333' title='bbox 562 2871 734 2895; x_wconf 80' lang='lat' dir='ltr'>mutamento</span> <span class='ocrx_word' id='word_1_334' title='bbox 754 2870 781 2894; x_wconf 86' lang='lat' dir='ltr'>di</span> <span class='ocrx_word' id='word_1_335' title='bbox 800 2878 816 2893; x_wconf 86' lang='lat' dir='ltr'>a</span> <span class='ocrx_word' id='word_1_336' title='bbox 835 2871 865 2894; x_wconf 84' lang='lat' dir='ltr'>in</span> <span class='ocrx_word' id='word_1_337' title='bbox 879 2878 891 2893; x_wconf 87' lang='lat' dir='ltr'><em>o</em></span> <span class='ocrx_word' id='word_1_338' title='bbox 905 2869 959 2902; x_wconf 68' lang='lat' dir='ltr'>pub</span> <span class='ocrx_word' id='word_1_339' title='bbox 972 2877 1015 2895; x_wconf 92' lang='lat' dir='ltr'>es-</span> 
     </span>
     <span class='ocr_line' id='line_1_38' title="bbox 121 2912 1015 2945; baseline 0.002 -11"><span class='ocrx_word' id='word_1_340' title='bbox 121 2917 180 2935; x_wconf 85' lang='lat' dir='ltr'>sere</span> <span class='ocrx_word' id='word_1_341' title='bbox 192 2918 230 2935; x_wconf 87' lang='lat' dir='ltr'>un</span> <span class='ocrx_word' id='word_1_342' title='bbox 245 2918 312 2935; x_wconf 88' lang='lat' dir='ltr'>vero</span> <span class='ocrx_word' id='word_1_343' title='bbox 324 2917 340 2934; x_wconf 77' lang='grc' dir='ltr'>ο</span> <span class='ocrx_word' id='word_1_344' title='bbox 353 2912 468 2944; x_wconf 88' lang='lat' dir='ltr'>proprio</span> <span class='ocrx_word' id='word_1_345' title='bbox 482 2918 545 2936; x_wconf 73' lang='lat' dir='ltr'>caso</span> <span class='ocrx_word' id='word_1_346' title='bbox 566 2912 595 2936; x_wconf 85' lang='lat' dir='ltr'>di</span> <span class='ocrx_word' id='word_1_347' title='bbox 609 2912 817 2936; x_wconf 79' lang='lat' dir='ltr'>assimilazione</span> <span class='ocrx_word' id='word_1_348' title='bbox 829 2912 1015 2945; x_wconf 84' lang='lat' dir='ltr'>progressiva.</span> 
     </span>
     <span class='ocr_line' id='line_1_39' title="bbox 121 2951 1015 2983; baseline 0.001 -7"><span class='ocrx_word' id='word_1_349' title='bbox 121 2951 246 2977; x_wconf 81' lang='lat' dir='ltr'>Dinanzi</span> <span class='ocrx_word' id='word_1_350' title='bbox 264 2960 280 2976; x_wconf 86' lang='lat' dir='ltr'>a</span> <span class='ocrx_word' id='word_1_351' title='bbox 299 2954 374 2977; x_wconf 82' lang='lat' dir='ltr'>certe</span> <span class='ocrx_word' id='word_1_352' title='bbox 399 2954 577 2983; x_wconf 82' lang='lat' dir='ltr'>consonanti,</span> <span class='ocrx_word' id='word_1_353' title='bbox 604 2953 743 2978; x_wconf 77' lang='lat' dir='ltr'>aweniva</span> <span class='ocrx_word' id='word_1_354' title='bbox 770 2954 843 2978; x_wconf 84' lang='lat' dir='ltr'>oltre</span> <span class='ocrx_word' id='word_1_355' title='bbox 862 2961 878 2978; x_wconf 79' lang='lat' dir='ltr'>a</span> <span class='ocrx_word' id='word_1_356' title='bbox 897 2952 941 2978; x_wconf 76' lang='lat' dir='ltr'>cio</span> <span class='ocrx_word' id='word_1_357' title='bbox 965 2953 1015 2977; x_wconf 86' lang='lat' dir='ltr'>che</span> 
     </span>
     <span class='ocr_line' id='line_1_40' title="bbox 119 2992 1015 3026; baseline 0.001 -10"><span class='ocrx_word' id='word_1_358' title='bbox 119 2992 154 3017; x_wconf 83' lang='lat' dir='ltr'>l&#39;a</span> <span class='ocrx_word' id='word_1_359' title='bbox 165 2994 190 3018; x_wconf 84' lang='lat' dir='ltr'>si</span> <span class='ocrx_word' id='word_1_360' title='bbox 203 2993 355 3018; x_wconf 80' lang='lat' dir='ltr'>camblasse</span> <span class='ocrx_word' id='word_1_361' title='bbox 368 2994 398 3018; x_wconf 84' lang='lat' dir='ltr'>in</span> <span class='ocrx_word' id='word_1_362' title='bbox 411 3001 424 3017; x_wconf 90' lang='lat' dir='ltr'>o</span> <span class='ocrx_word' id='word_1_363' title='bbox 439 2994 466 3017; x_wconf 86' lang='lat' dir='ltr'>in</span> <span class='ocrx_word' id='word_1_364' title='bbox 480 2994 570 3019; x_wconf 84' lang='lat' dir='ltr'>latino</span> <span class='ocrx_word' id='word_1_365' title='bbox 584 2994 706 3026; x_wconf 85' lang='lat' dir='ltr'>volgare.</span> <span class='ocrx_word' id='word_1_366' title='bbox 743 2994 953 3024; x_wconf 81' lang='lat' dir='ltr'>Ricorderemo,</span> <span class='ocrx_word' id='word_1_367' title='bbox 967 3001 1015 3026; x_wconf 87' lang='lat' dir='ltr'>per</span> 
     </span>
    </p>
   </div>
   <div class='ocr_carea' id='block_1_17' title="bbox 1068 2367 2028 2607">
    <p class='ocr_par' dir='ltr' id='par_1_20' title="bbox 1068 2367 2028 2484">
     <span class='ocr_line' id='line_1_41' title="bbox 1069 2367 1964 2399; baseline 0.001 -7"><span class='ocrx_word' id='word_1_368' title='bbox 1069 2375 1115 2398; x_wconf 92' lang='lat' dir='ltr'>es.,</span> <span class='ocrx_word' id='word_1_369' title='bbox 1140 2367 1322 2399; x_wconf 69' lang='lat' dir='ltr'>lieelagabolo,</span> <span class='ocrx_word' id='word_1_370' title='bbox 1348 2367 1539 2391; x_wconf 78' lang='lat' dir='ltr'>mirabolanum</span> <span class='ocrx_word' id='word_1_371' title='bbox 1559 2367 1767 2399; x_wconf 67' lang='grc' dir='ltr'>(μυροβάλανο5).</span> <span class='ocrx_word' id='word_1_372' title='bbox 1804 2367 1848 2392; x_wconf 76' lang='lat' dir='ltr'>Cf.</span> <span class='ocrx_word' id='word_1_373' title='bbox 1873 2368 1964 2394; x_wconf 72' lang='lat' dir='ltr'>Senu-</span> 
     </span>
     <span class='ocr_line' id='line_1_42' title="bbox 1069 2409 2028 2443; baseline 0.002 -9"><span class='ocrx_word' id='word_1_374' title='bbox 1069 2417 1174 2440; x_wconf 75' lang='lat' dir='ltr'>CHARD,</span> <span class='ocrx_word' id='word_1_375' title='bbox 1192 2410 1250 2434; x_wconf 79' lang='lat' dir='ltr'>Der</span> <span class='ocrx_word' id='word_1_376' title='bbox 1276 2410 1434 2434; x_wconf 77' lang='lat' dir='ltr'>Vokalz&#39;smus</span> <span class='ocrx_word' id='word_1_377' title='bbox 1452 2411 1495 2433; x_wconf 82' lang='lat' dir='ltr'>des</span> <span class='ocrx_word' id='word_1_378' title='bbox 1519 2409 1545 2433; x_wconf 89' lang='lat' dir='ltr'><em>V</em></span> <span class='ocrx_word' id='word_1_379' title='bbox 1544 2410 1731 2442; x_wconf 74' lang='lat' dir='ltr'>ulgd&#39;rlateins,</span> <span class='ocrx_word' id='word_1_380' title='bbox 1745 2410 1873 2443; x_wconf 84' lang='lat' dir='ltr'>Leipzig,</span> <span class='ocrx_word' id='word_1_381' title='bbox 1890 2410 1965 2442; x_wconf 80' lang='lat'>1866,</span> <span class='ocrx_word' id='word_1_382' title='bbox 1996 2418 2028 2435; x_wconf 80' lang='lat'>20</span> 
     </span>
     <span class='ocr_line' id='line_1_43' title="bbox 1068 2451 1216 2484; baseline 0.007 -9"><span class='ocrx_word' id='word_1_383' title='bbox 1068 2451 1090 2481; x_wconf 89' lang='lat'>1,</span> <span class='ocrx_word' id='word_1_384' title='bbox 1109 2459 1135 2484; x_wconf 87' lang='lat' dir='ltr'>p.</span> <span class='ocrx_word' id='word_1_385' title='bbox 1159 2451 1216 2484; x_wconf 72' lang='lat'>164.</span> 
     </span>
    </p>

    <p class='ocr_par' dir='ltr' id='par_1_21' title="bbox 1069 2492 1965 2607">
     <span class='ocr_line' id='line_1_44' title="bbox 1157 2492 1964 2527; baseline 0.001 -9"><span class='ocrx_word' id='word_1_386' title='bbox 1157 2492 1168 2508; x_wconf 76' lang='grc'>3</span> <span class='ocrx_word' id='word_1_387' title='bbox 1188 2494 1228 2519; x_wconf 86' lang='lat' dir='ltr'>La</span> <span class='ocrx_word' id='word_1_388' title='bbox 1246 2495 1423 2519; x_wconf 81' lang='lat' dir='ltr'>costruzione</span> <span class='ocrx_word' id='word_1_389' title='bbox 1437 2494 1624 2519; x_wconf 79' lang='lat' dir='ltr'>cou’ablativo</span> <span class='ocrx_word' id='word_1_390' title='bbox 1643 2493 1657 2519; x_wconf 83' lang='grc' dir='ltr'>ὲ</span> <span class='ocrx_word' id='word_1_391' title='bbox 1676 2494 1723 2527; x_wconf 68' lang='lat' dir='ltr'>pisi</span> <span class='ocrx_word' id='word_1_392' title='bbox 1738 2496 1863 2519; x_wconf 81' lang='lat' dir='ltr'>classica.</span> <span class='ocrx_word' id='word_1_393' title='bbox 1900 2496 1964 2520; x_wconf 91' lang='lat' dir='ltr'>Non</span> 
     </span>
     <span class='ocr_line' id='line_1_45' title="bbox 1069 2535 1965 2568; baseline 0.001 -8"><span class='ocrx_word' id='word_1_394' title='bbox 1069 2536 1244 2560; x_wconf 79' lang='lat' dir='ltr'>intendiamo</span> <span class='ocrx_word' id='word_1_395' title='bbox 1262 2535 1330 2568; x_wconf 75' lang='lat' dir='ltr'>pero</span> <span class='ocrx_word' id='word_1_396' title='bbox 1350 2537 1378 2560; x_wconf 89' lang='lat' dir='ltr'>di</span> <span class='ocrx_word' id='word_1_397' title='bbox 1397 2536 1570 2568; x_wconf 85' lang='lat' dir='ltr'>sopprimere</span> <span class='ocrx_word' id='word_1_398' title='bbox 1589 2536 1633 2561; x_wconf 89' lang='lat' dir='ltr'>del</span> <span class='ocrx_word' id='word_1_399' title='bbox 1652 2537 1727 2561; x_wconf 82' lang='lat' dir='ltr'>tutto</span> <span class='ocrx_word' id='word_1_400' title='bbox 1747 2538 1772 2561; x_wconf 85' lang='lat' dir='ltr'>la</span> <span class='ocrx_word' id='word_1_401' title='bbox 1790 2537 1896 2562; x_wconf 83' lang='lat' dir='ltr'>lezione</span> <span class='ocrx_word' id='word_1_402' title='bbox 1921 2536 1965 2561; x_wconf 85' lang='lat' dir='ltr'>dei</span> 
     </span>
     <span class='ocr_line' id='line_1_46' title="bbox 1070 2575 1964 2607; baseline 0.001 -8"><span class='ocrx_word' id='word_1_403' title='bbox 1070 2575 1247 2600; x_wconf 78' lang='lat' dir='ltr'>manuscritti</span> <span class='ocrx_word' id='word_1_404' title='bbox 1259 2575 1309 2599; x_wconf 87' lang='lat' dir='ltr'>che</span> <span class='ocrx_word' id='word_1_405' title='bbox 1322 2575 1491 2607; x_wconf 81' lang='lat' dir='ltr'>releghiamo</span> <span class='ocrx_word' id='word_1_406' title='bbox 1506 2577 1534 2600; x_wconf 87' lang='lat' dir='ltr'>in</span> <span class='ocrx_word' id='word_1_407' title='bbox 1548 2577 1624 2600; x_wconf 84' lang='lat' dir='ltr'>nota.</span> <span class='ocrx_word' id='word_1_408' title='bbox 1645 2576 1732 2600; x_wconf 85' lang='lat' dir='ltr'>Forse</span> <span class='ocrx_word' id='word_1_409' title='bbox 1745 2575 1760 2600; x_wconf 78' lang='grc' dir='ltr'>ὲ</span> <span class='ocrx_word' id='word_1_410' title='bbox 1774 2577 1848 2600; x_wconf 83' lang='lat' dir='ltr'>stato</span> <span class='ocrx_word' id='word_1_411' title='bbox 1862 2576 1964 2600; x_wconf 80' lang='lat' dir='ltr'>saltato</span> 
     </span>
    </p>
   </div>
   <div class='ocr_carea' id='block_1_18' title="bbox 1064 2617 2025 2984">
    <p class='ocr_par' dir='ltr' id='par_1_22' title="bbox 1064 2617 2025 2984">
     <span class='ocr_line' id='line_1_47' title="bbox 1068 2617 2024 2655; baseline 0.001 -14"><span class='ocrx_word' id='word_1_412' title='bbox 1068 2617 1145 2649; x_wconf 81' lang='lat' dir='ltr'>dagli</span> <span class='ocrx_word' id='word_1_413' title='bbox 1160 2618 1334 2646; x_wconf 75' lang='lat' dir='ltr'>amanuensi,</span> <span class='ocrx_word' id='word_1_414' title='bbox 1354 2625 1371 2641; x_wconf 89' lang='lat' dir='ltr'>o</span> <span class='ocrx_word' id='word_1_415' title='bbox 1391 2618 1493 2650; x_wconf 73' lang='lat' dir='ltr'>meglio</span> <span class='ocrx_word' id='word_1_416' title='bbox 1514 2617 1746 2643; x_wconf 80' lang='lat' dir='ltr'>dall’amanuense</span> <span class='ocrx_word' id='word_1_417' title='bbox 1765 2618 1794 2642; x_wconf 91' lang='lat' dir='ltr'>di</span> <span class='ocrx_word' id='word_1_418' title='bbox 1807 2617 1843 2646; x_wconf 86' lang='lat' dir='ltr'>A,</span> <span class='ocrx_word' id='word_1_419' title='bbox 1857 2625 1894 2642; x_wconf 91' lang='lat' dir='ltr'>un</span> <span class='ocrx_word' id='word_1_420' title='bbox 1905 2621 1963 2649; x_wconf 68' lang='lat' dir='ltr'>per,</span> <span class='ocrx_word' id='word_1_421' title='bbox 1994 2630 2024 2655; x_wconf 78' lang='lat'>25</span> 
     </span>
     <span class='ocr_line' id='line_1_48' title="bbox 1157 2657 1600 2693; baseline 0.002 -9"><span class='ocrx_word' id='word_1_422' title='bbox 1157 2657 1169 2674; x_wconf 76' lang='lat'>4</span> <span class='ocrx_word' id='word_1_423' title='bbox 1188 2659 1372 2690; x_wconf 78' lang='lat' dir='ltr'>SALLusrms,</span> <span class='ocrx_word' id='word_1_424' title='bbox 1386 2659 1464 2691; x_wconf 62' lang='lat' dir='ltr'>stag„</span> <span class='ocrx_word' id='word_1_425' title='bbox 1483 2667 1548 2693; x_wconf 86' lang='lat' dir='ltr'>cap.</span> <span class='ocrx_word' id='word_1_426' title='bbox 1565 2661 1600 2685; x_wconf 86' lang='lat' dir='ltr'>X.</span> 
     </span>
     <span class='ocr_line' id='line_1_49' title="bbox 1156 2700 1962 2726; baseline 0 0"><span class='ocrx_word' id='word_1_427' title='bbox 1156 2700 1166 2716; x_wconf 88' lang='lat'>⁵</span> <span class='ocrx_word' id='word_1_428' title='bbox 1187 2700 1376 2726; x_wconf 81' lang='lat' dir='ltr'>Sant&#39;Orsola</span> <span class='ocrx_word' id='word_1_429' title='bbox 1394 2700 1425 2725; x_wconf 76' lang='lat' dir='ltr'>fu</span> <span class='ocrx_word' id='word_1_430' title='bbox 1447 2701 1636 2726; x_wconf 76' lang='lat' dir='ltr'>martirizzata</span> <span class='ocrx_word' id='word_1_431' title='bbox 1657 2702 1676 2726; x_wconf 83' lang='lat' dir='ltr'>il</span> <span class='ocrx_word' id='word_1_432' title='bbox 1695 2709 1725 2726; x_wconf 88' lang='lat'>21</span> <span class='ocrx_word' id='word_1_433' title='bbox 1742 2702 1855 2726; x_wconf 78' lang='lat' dir='ltr'>ottobre</span> <span class='ocrx_word' id='word_1_434' title='bbox 1868 2702 1911 2726; x_wconf 87' lang='lat' dir='ltr'>nel</span> <span class='ocrx_word' id='word_1_435' title='bbox 1924 2702 1962 2726; x_wconf 91' lang='lat' dir='ltr'>IV</span> 
     </span>
     <span class='ocr_line' id='line_1_50' title="bbox 1067 2743 1960 2776; baseline -0.001 -8"><span class='ocrx_word' id='word_1_436' title='bbox 1067 2752 1084 2768; x_wconf 91' lang='grc' dir='ltr'>ο</span> <span class='ocrx_word' id='word_1_437' title='bbox 1106 2744 1129 2767; x_wconf 94' lang='lat' dir='ltr'>V</span> <span class='ocrx_word' id='word_1_438' title='bbox 1143 2744 1243 2768; x_wconf 85' lang='lat' dir='ltr'>secolo.</span> <span class='ocrx_word' id='word_1_439' title='bbox 1264 2744 1300 2768; x_wconf 90' lang='lat' dir='ltr'>A.</span> <span class='ocrx_word' id='word_1_440' title='bbox 1314 2743 1436 2775; x_wconf 74' lang='lat' dir='ltr'>GLOR1A‚</span> <span class='ocrx_word' id='word_1_441' title='bbox 1450 2744 1617 2775; x_wconf 72' lang='lat' dir='ltr'>Paleografia</span> <span class='ocrx_word' id='word_1_442' title='bbox 1630 2752 1642 2767; x_wconf 80' lang='lat' dir='ltr'>e</span> <span class='ocrx_word' id='word_1_443' title='bbox 1655 2744 1845 2775; x_wconf 59' lang='lat' dir='ltr'>Diplamatica‘</span> <span class='ocrx_word' id='word_1_444' title='bbox 1859 2751 1885 2776; x_wconf 88' lang='lat' dir='ltr'>p.</span> <span class='ocrx_word' id='word_1_445' title='bbox 1903 2749 1960 2774; x_wconf 85' lang='lat'><em>171.</em></span> 
     </span>
     <span class='ocr_line' id='line_1_51' title="bbox 1155 2784 1962 2819; baseline -0.001 -11"><span class='ocrx_word' id='word_1_446' title='bbox 1155 2784 1165 2799; x_wconf 76' lang='lat'>0&#39;</span> <span class='ocrx_word' id='word_1_447' title='bbox 1188 2786 1314 2817; x_wconf 77' lang='lat' dir='ltr'>Trip2&#39;nus</span> <span class='ocrx_word' id='word_1_448' title='bbox 1333 2792 1382 2819; x_wconf 88' lang='lat' dir='ltr'>per</span> <span class='ocrx_word' id='word_1_449' title='bbox 1403 2785 1540 2817; x_wconf 73' lang='lat' dir='ltr'>Turpinus</span> <span class='ocrx_word' id='word_1_450' title='bbox 1558 2785 1663 2818; x_wconf 85' lang='lat' dir='ltr'>leggesi</span> <span class='ocrx_word' id='word_1_451' title='bbox 1683 2792 1790 2816; x_wconf 88' lang='lat' dir='ltr'>sempre</span> <span class='ocrx_word' id='word_1_452' title='bbox 1810 2785 1880 2809; x_wconf 87' lang='lat' dir='ltr'>nella</span> <span class='ocrx_word' id='word_1_453' title='bbox 1893 2785 1962 2808; x_wconf 82' lang='lat' dir='ltr'>Ima-</span> 
     </span>
     <span class='ocr_line' id='line_1_52' title="bbox 1064 2826 2025 2864; baseline 0.001 -14"><span class='ocrx_word' id='word_1_454' title='bbox 1064 2835 1098 2859; x_wconf 76' lang='lat' dir='ltr'>go</span> <span class='ocrx_word' id='word_1_455' title='bbox 1117 2826 1218 2851; x_wconf 82' lang='lat' dir='ltr'><em>Mundi</em></span> <span class='ocrx_word' id='word_1_456' title='bbox 1235 2827 1264 2851; x_wconf 82' lang='lat' dir='ltr'>di</span> <span class='ocrx_word' id='word_1_457' title='bbox 1283 2827 1385 2858; x_wconf 89' lang='lat' dir='ltr'>Iacopo</span> <span class='ocrx_word' id='word_1_458' title='bbox 1404 2827 1525 2859; x_wconf 88' lang='lat' dir='ltr'>d’Acqui</span> <span class='ocrx_word' id='word_1_459' title='bbox 1546 2828 1575 2851; x_wconf 78' lang='lat' dir='ltr'>In</span> <span class='ocrx_word' id='word_1_460' title='bbox 1595 2828 1633 2851; x_wconf 88' lang='lat' dir='ltr'>M.</span> <span class='ocrx_word' id='word_1_461' title='bbox 1656 2828 1694 2852; x_wconf 91' lang='lat' dir='ltr'>H.</span> <span class='ocrx_word' id='word_1_462' title='bbox 1711 2828 1755 2855; x_wconf 72' lang='lat' dir='ltr'>P„</span> <span class='ocrx_word' id='word_1_463' title='bbox 1776 2827 1821 2851; x_wconf 88' lang='lat'>111.</span> <span class='ocrx_word' id='word_1_464' title='bbox 1848 2827 1892 2852; x_wconf 76' lang='lat' dir='ltr'>Cf.</span> <span class='ocrx_word' id='word_1_465' title='bbox 1913 2834 1962 2858; x_wconf 87' lang='lat' dir='ltr'>per</span> <span class='ocrx_word' id='word_1_466' title='bbox 1991 2839 2025 2864; x_wconf 79' lang='lat'>30</span> 
     </span>
     <span class='ocr_line' id='line_1_53' title="bbox 1067 2868 1960 2901; baseline -0.002 -8"><span class='ocrx_word' id='word_1_467' title='bbox 1067 2871 1161 2901; x_wconf 87' lang='lat' dir='ltr'>questa</span> <span class='ocrx_word' id='word_1_468' title='bbox 1174 2870 1310 2894; x_wconf 85' lang='lat' dir='ltr'>notiziola</span> <span class='ocrx_word' id='word_1_469' title='bbox 1330 2868 1364 2893; x_wconf 89' lang='lat' dir='ltr'>G.</span> <span class='ocrx_word' id='word_1_470' title='bbox 1384 2870 1526 2900; x_wconf 70' lang='lat' dir='ltr'>Baarom,</span> <span class='ocrx_word' id='word_1_471' title='bbox 1546 2869 1766 2896; x_wconf 76' lang='lat' dir='ltr'>Stadz&#39;romanzi,</span> <span class='ocrx_word' id='word_1_472' title='bbox 1786 2868 1834 2898; x_wconf 80' lang='grc' dir='ltr'>ΙΙΙ,</span> <span class='ocrx_word' id='word_1_473' title='bbox 1854 2876 1881 2900; x_wconf 83' lang='lat' dir='ltr'>p.</span> <span class='ocrx_word' id='word_1_474' title='bbox 1903 2874 1960 2899; x_wconf 85' lang='lat'>137.</span> 
     </span>
     <span class='ocr_line' id='line_1_54' title="bbox 1067 2910 1961 2942; baseline -0.001 -8"><span class='ocrx_word' id='word_1_475' title='bbox 1067 2910 1098 2934; x_wconf 79' lang='lat' dir='ltr'>Si</span> <span class='ocrx_word' id='word_1_476' title='bbox 1117 2912 1233 2934; x_wconf 81' lang='lat' dir='ltr'>avverta</span> <span class='ocrx_word' id='word_1_477' title='bbox 1251 2911 1301 2935; x_wconf 88' lang='lat' dir='ltr'>che</span> <span class='ocrx_word' id='word_1_478' title='bbox 1321 2911 1341 2935; x_wconf 87' lang='lat' dir='ltr'>il</span> <span class='ocrx_word' id='word_1_479' title='bbox 1360 2911 1463 2942; x_wconf 86' lang='lat' dir='ltr'>giorno</span> <span class='ocrx_word' id='word_1_480' title='bbox 1482 2911 1575 2935; x_wconf 79' lang='lat' dir='ltr'>disan</span> <span class='ocrx_word' id='word_1_481' title='bbox 1591 2910 1660 2935; x_wconf 80' lang='lat' dir='ltr'>vito</span> <span class='ocrx_word' id='word_1_482' title='bbox 1674 2911 1742 2935; x_wconf 83' lang='lat' dir='ltr'>cade</span> <span class='ocrx_word' id='word_1_483' title='bbox 1756 2910 1823 2940; x_wconf 84' lang='lat' dir='ltr'>il·15</span> <span class='ocrx_word' id='word_1_484' title='bbox 1844 2911 1961 2942; x_wconf 86' lang='lat' dir='ltr'>giugno,</span> 
     </span>
     <span class='ocr_line' id='line_1_55' title="bbox 1067 2949 1962 2984; baseline -0.003 -8"><span class='ocrx_word' id='word_1_485' title='bbox 1067 2952 1160 2976; x_wconf 82' lang='lat' dir='ltr'>nonii</span> <span class='ocrx_word' id='word_1_486' title='bbox 1181 2958 1223 2983; x_wconf 79' lang='lat'>25,</span> <span class='ocrx_word' id='word_1_487' title='bbox 1236 2959 1315 2977; x_wconf 86' lang='lat' dir='ltr'>come</span> <span class='ocrx_word' id='word_1_488' title='bbox 1334 2952 1370 2976; x_wconf 90' lang='lat' dir='ltr'>ha</span> <span class='ocrx_word' id='word_1_489' title='bbox 1389 2950 1435 2984; x_wconf 72' lang='lat' dir='ltr'>gia</span> <span class='ocrx_word' id='word_1_490' title='bbox 1454 2953 1529 2976; x_wconf 82' lang='lat' dir='ltr'>visto</span> <span class='ocrx_word' id='word_1_491' title='bbox 1552 2951 1573 2976; x_wconf 86' lang='lat' dir='ltr'>il</span> <span class='ocrx_word' id='word_1_492' title='bbox 1593 2952 1704 2984; x_wconf 72' lang='lat' dir='ltr'><strong>MEYER,</strong></span> <span class='ocrx_word' id='word_1_493' title='bbox 1726 2951 1866 2978; x_wconf 75' lang='lat' dir='ltr'>Romania,</span> <span class='ocrx_word' id='word_1_494' title='bbox 1887 2949 1962 2981; x_wconf 84' lang='lat'>1906,</span> 
     </span>
    </p>
   </div>
   <div class='ocr_carea' id='block_1_19' title="bbox 1069 2998 1178 3027">
    <p class='ocr_par' dir='ltr' id='par_1_23' title="bbox 1069 2998 1178 3027">
     <span class='ocr_line' id='line_1_56' title="bbox 1069 2998 1178 3027; baseline -0.018 0"><span class='ocrx_word' id='word_1_495' title='bbox 1069 3002 1095 3027; x_wconf 77' lang='lat' dir='ltr'>p·</span> <span class='ocrx_word' id='word_1_496' title='bbox 1119 2998 1178 3026; x_wconf 84' lang='lat'>147·</span> 
     </span>
    </p>
   </div>
  </div>
 </body>
</html>
