2297 3476
137 2106 212 2129 Mun„
227 2105 266 2125 325

259 2765 290 2782 10

323 161 369 195 32
960 159 1272 196 CHRONICON
1301 160 1531 196 ESTENSE
1998 167 2048 201 [A.
2070 169 2162 202 1258]

319 292 474 323 nensium
499 292 668 323 devoluta.
717 290 871 328 Quidam
896 301 1041 332 namque
1065 296 1223 333 potentes
1258 293 1301 323 de
1328 290 1569 322 Cremensibus
1604 297 1724 323 contra
1751 293 1916 333 quosdam
1941 304 2019 325 suos
2043 294 2162 326 adver-

317 345 422 376 sarios
446 355 488 375 ex
505 343 626 376 eodem
651 344 755 386 opido
780 344 853 387 celo
879 344 1004 375 malitie
1030 343 1201 381 concitati,
1227 343 1476 376 Cremonenses
1501 350 1534 376 et
1558 344 1790 376 Pelavicinum
1815 345 1848 376 in
1876 356 1973 377 suum
1998 346 2161 378 auxilium

316 402 539 436 vocaverunt,
555 402 589 428 et
605 397 747 438 expulsa
762 403 860 439 parte
878 397 1034 434 adversa,
1047 407 1082 428 se
1100 396 1200 428 simul
1218 408 1293 428 cum
1312 397 1423 438 patria
1439 396 1721 429 Cremonensium
1739 397 1891 430 dominio
1908 399 2133 431 subdiderunt
2144 401 2163 431 ¹.

405 449 535 481 Eodem
560 455 727 491 tempore,
759 449 862 481 tertio
887 454 1032 481 exeunte
1063 449 1159 492 julio,
1183 448 1360 481 marchio²
1392 449 1547 481 Estensis
1572 455 1605 481 et
1635 449 1753 481 militia
1777 450 1943 483 Paduana
1966 452 2000 483 in
2025 461 2163 493 campe-

317 502 441 534 stribus
464 500 632 545 Bassyani
650 501 807 534 militiam
824 502 1144 534 Theothonicorum
1160 500 1293 533 soldum
1310 501 1547 543 recipientium
1565 512 1584 533 a
1599 501 1731 543 perfido
1755 503 1912 535 Ecellino
1928 504 2070 537 viriliter
2084 514 2164 546 pro-

316 560 517 593 straverunt,
542 565 770 597 magnamque
794 555 937 596 predam
963 555 1005 586 de
1029 555 1179 596 ipsorum
1203 554 1321 596 spoliis
1344 554 1546 586 habuerunt.
1593 555 1632 586 In
1656 556 1796 587 istorum
1821 556 1949 598 quippe
1974 557 2165 599 impetuosa

316 609 441 640 virtute
464 614 631 651 tyrapnus
658 607 803 640 maxime
829 606 1036 646 confidebat,
1061 617 1205 649 quorum
1238 607 1362 639 auxilio
1393 612 1427 639 et
1455 607 1572 646 tutela,
1604 607 1756 640 nefanda
1785 615 1818 641 et
1848 609 2000 642 inaudita
2031 611 2163 643 scelera

315 666 387 693 toto
410 667 568 702 tempore
593 660 736 693 dominii
769 661 821 693 sui
852 660 1079 692 audacissime
1103 660 1326 702 perpetravit.
1373 660 1417 692 Et
1441 660 1526 703 quid
1557 660 1635 692 mali
1660 671 1729 692 non
1762 668 1923 704 operatur
1950 664 2025 695 auri
2056 664 2165 695 fames

316 715 452 757 penitus
476 714 694 747 execranda?
719 714 779 746 Isti
804 714 893 745 enim
930 713 1159 756 inprobissimi
1190 713 1407 752 Theotonici‚
1432 713 1620 745 animarum
1649 725 1785 746 suarum
1809 715 2020 748 stolidissimi
2044 716 2165 749 vendi-

316 774 418 806 tores,
441 767 490 799 ita
513 773 611 799 erant
635 767 783 800 Ecellini
806 767 955 809 pecunia
972 767 1140 805 excecati,
1159 765 1252 809 quod
1276 776 1342 798 nec
1366 768 1536 798 sententia
1562 768 1904 808 excomunicationis‚
1943 780 2008 801 nec
2033 776 2165 802 terrore

316 830 385 852 non
409 821 622 862 parcentium
647 820 840 863 gladiorum
872 820 975 852 avelli
1000 820 1042 852 ab
1068 819 1216 852 Ecellini
1249 819 1363 851 oribili
1395 819 1562 862 obsequio
1594 826 1796 862 potuerunt3
1821 821 1912 853 unde
1937 832 1956 853 a
1979 822 2166 855 victoribus

318 874 420 906 velud
446 884 528 906 oves
552 873 738 906 occisionis
761 879 839 906 sunt
862 873 987 906 merito
1012 873 1171 915 reputati.

403 927 482 959 Hiis
517 926 748 969 temporibus³
782 938 857 958 cum
890 927 1073 958 Ianuenses
1104 926 1317 958 Venetorum
1350 927 1483 958 animos
1515 927 1667 969 graviter
1702 928 1931 961 offendissent
1965 929 1998 959 in
2031 928 2166 961 civitate

317 980 439 1012 Acone
452 980 474 1019 ⁴,
499 991 565 1023 que
589 980 774 1022 antiquitus
797 979 1015 1022 Tolomayda
1039 979 1229 1018 dicebatur,
1254 979 1312 1011 ubi
1338 980 1560 1012 communiter
1585 980 1818 1023 negotiatores
1841 980 2008 1013 dictarum
2031 981 2166 1014 urbium

317 1032 527 1072 habitabant,
552 1032 679 1064 Veneti
703 1033 826 1065 ulcisci
851 1043 929 1064 suas
951 1032 1096 1063 iniurias
1128 1032 1315 1074 cupientes,
1340 1038 1373 1064 et
1404 1043 1467 1074 pro
1500 1032 1630 1064 nichilo
1662 1034 1765 1065 maris
1788 1034 1945 1075 pericula
1975 1040 2009 1066 et
2040 1045 2167 1076 expen-

318 1096 430 1118 sarum
454 1085 727 1128 magnitudinem
751 1090 961 1127 reputantes,
986 1084 1172 1117 dummodo
1197 1085 1352 1117 valerent
1375 1096 1410 1117 se
1438 1084 1481 1118 de
1505 1086 1710 1118 adversariis
1734 1087 1930 1125 vendicare,
1956 1087 2099 1119 classem
2130 1087 2165 1118 in

315 1149 417 1170 manu
440 1139 554 1171 valida
577 1139 612 1170 in
636 1139 772 1182 Syriam
797 1138 998 1171 direxerunt
1023 1144 1057 1170 et
1089 1145 1159 1170 tam
1183 1138 1299 1170 navali
1322 1139 1432 1180 prelio
1457 1149 1558 1181 quam
1592 1139 1775 1181 campestri
1805 1140 1995 1182 Januenses
2026 1140 2168 1172 viriliter

315 1198 560 1234 expugnantes,
585 1191 695 1233 captis
718 1191 832 1223 multis
856 1191 1000 1223 navibus
1017 1201 1135 1223 eorum
1152 1191 1283 1223 bellicis
1306 1198 1340 1223 et
1363 1192 1506 1234 reliquis
1529 1192 1563 1223 in
1588 1192 1706 1234 fugam
1731 1193 1915 1230 conversis,
1933 1203 2053 1225 eversa
2068 1193 2167 1225 simul

316 1246 401 1277 turri
424 1245 661 1283 munitissima,
687 1250 719 1276 et
742 1244 778 1276 in
802 1244 963 1276 vastitate
988 1244 1105 1276 hostili
1130 1245 1264 1276 cunctis
1288 1254 1405 1276 eorum
1438 1244 1596 1276 domibus
1626 1244 1801 1284 desolatis,
1833 1245 1925 1287 ipsos
1956 1245 1999 1278 de
2028 1246 2164 1279 civitate

318 1298 501 1330 aconitana
523 1297 660 1340 penitus
683 1298 899 1339 expulerunt.

408 1352 555 1393 Propter
578 1351 873 1383 innumerabilium
898 1350 1154 1382 inundationem
1178 1351 1342 1382 malorum
1367 1351 1621 1384 absorbentium
1644 1352 1858 1384 intellectum
1882 1353 2000 1384 horret
2025 1353 2164 1391 animus,

316 1412 510 1446 temporum
543 1409 736 1436 nostrorum
769 1403 980 1436 calamitates
1013 1409 1046 1435 et
1077 1404 1192 1435 ruinas
1216 1404 1377 1446 prosequi
1405 1404 1573 1441 seriatim3
1606 1405 1729 1447 viginti
1761 1405 1850 1436 enim
1884 1405 1964 1437 anni
1994 1410 2082 1444 sunt,
2112 1406 2166 1438 vel

316 1459 420 1495 circa,
446 1458 539 1500 quod
563 1457 746 1489 occasione
770 1457 985 1498 appostolice
1017 1466 1058 1488 ac
1090 1457 1277 1498 imperialis
1302 1457 1475 1489 discordie
1508 1458 1646 1500 sanguis
1676 1457 1824 1501 ytalicus
1849 1458 2039 1490 effunditur
2062 1459 2166 1491 velud

317 1522 417 1553 aqua,
442 1516 475 1543 et
499 1516 618 1542 contra
649 1520 824 1541 romanam
849 1509 1041 1541 Ecclesiam
1073 1516 1318 1553 tyrampnorum
1354 1511 1498 1551 perfidia
1523 1510 1748 1548 debaccatur3
1775 1517 1809 1543 et
1841 1521 1943 1550 nunc,
1968 1523 2045 1544 cum
2068 1517 2165 1554 puta-

317 1564 435 1595 bamus
458 1563 728 1605 perniciosorum
753 1563 928 1595 hominum
953 1563 1142 1604 potentiam
1168 1563 1413 1605 aliquantulum
1437 1563 1648 1602 diminutam,
1666 1575 1799 1596 rursum
1816 1565 2045 1606 prosperitate
2068 1565 2167 1607 inop-

317 1616 459 1659 pinabili
483 1616 671 1648 confortati
695 1616 740 1647 ad
763 1616 888 1659 sydera
913 1616 1133 1648 extolluntur.
1179 1616 1339 1659 Denique
1370 1626 1447 1648 cum
1471 1618 1603 1660 legatus
1627 1628 1704 1649 cum
1737 1618 1890 1649 exercitu
1917 1618 2166 1656 Brissiensium,

317 1676 351 1702 et
368 1670 489 1702 militia
506 1675 700 1707 mantuana,
718 1669 920 1701 Pelavicino
937 1676 970 1701 et
994 1669 1283 1702 Cremonensibus
1306 1670 1523 1708 occurrisset,
1548 1671 1605 1712 qui
1630 1671 1847 1713 suggestione
1872 1671 1995 1712 perfidi
2017 1671 2167 1703 Ecellini

315 1723 384 1756 duo
408 1729 520 1755 castra
543 1721 679 1765 Bryssie
704 1722 918 1760 invaxerant,
942 1722 1039 1754 iuxta
1062 1723 1187 1754 fiumen
1213 1722 1289 1754 Olei
1313 1722 1510 1760 constituta,
1535 1729 1616 1754 tunc
1639 1723 1825 1761 Ecellinus,
1851 1724 1909 1766 qui
1932 1734 2040 1766 usque
2062 1724 2098 1756 in
2115 1735 2167 1756 se-

316 1783 450 1808 nectam
475 1782 510 1808 et
533 1775 662 1806 senium
687 1786 707 1806 a
730 1775 860 1806 malitia
895 1785 964 1807 non
1000 1775 1155 1813 cessavit,
1180 1775 1334 1818 undique
1359 1775 1480 1808 militia
1504 1781 1725 1819 congregata,
1757 1776 1869 1808 subito
1901 1777 1945 1808 de
1977 1777 2081 1819 opido
2109 1777 2167 1808 Pi-

316 1828 450 1861 scarie⁵
481 1829 516 1860 in
547 1828 658 1860 noctis
690 1828 893 1870 crepusculo
924 1828 988 1859 iter
1011 1827 1176 1871 ar'ripuit,
1210 1829 1243 1859 in
1267 1839 1397 1861 summo
1423 1829 1576 1861 diluculo
1601 1829 1658 1861 die
1683 1830 1818 1861 veneris
1844 1830 1996 1861 secundo
2021 1835 2166 1862 exeunte

316 1887 460 1926 augusto
474 1880 496 1920 ⁶,
520 1882 688 1913 transiens
711 1881 845 1919 Oleum,
863 1882 1029 1913 exercitui
1046 1881 1328 1914 Cremonensium
1340 1892 1376 1914 se
1392 1882 1559 1914 adiunxit.
1606 1881 1762 1914 Audiens
1778 1888 1892 1915 autem
1907 1883 2061 1926 Legatus
2075 1883 2167 1915 vires

315 1935 463 1967 hostium
486 1940 732 1978 augmentatas,
757 1940 808 1966 set
831 1934 999 1966 crementi
1024 1935 1178 1966 nesciens
1202 1935 1438 1977 quantitatem,
1463 1935 1581 1967 habito
1604 1935 1747 1967 consilio
1771 1935 1973 1977 sapientum,
1997 1935 2107 1968 voluit
2129 1936 2166 1967 in

317 1994 466 2021 castrum
490 1987 687 2020 Ganbarie⁷
713 1997 789 2019 cum
815 1988 969 2019 exercitu
992 1987 1145 2026 introire,
1170 1994 1204 2020 et
1227 1988 1276 2020 sic
1299 1988 1335 2019 in
1359 1994 1432 2020 tuto
1457 1989 1536 2021 loco
1561 1989 1749 2020 amicorum
1776 1989 1938 2021 auxilium
1970 1995 2165 2031 expectare.

318 2042 376 2074 Set
399 2041 484 2073 vicit
505 2042 573 2073 hoc
598 2040 733 2073 salubre
767 2041 943 2072 consilium
976 2041 1150 2073 temeritas
1180 2041 1410 2073 multitudinis
1441 2041 1613 2074 obstinate
1645 2040 1803 2080 dicentis,
1826 2042 1939 2084 potius
1963 2053 2036 2075 esse
2067 2042 2167 2074 dimi-

318 2094 465 2127 candum
490 2105 566 2126 cum
590 2093 756 2131 hostibus,
789 2104 890 2136 quam
923 2092 967 2125 ad
998 2093 1147 2126 lati'bula
1170 2094 1428 2132 divertendum3
1453 2094 1659 2137 ignorabant
1684 2094 1773 2126 enim
1801 2100 1869 2127 tam
1902 2095 2033 2138 legatus
2063 2106 2165 2138 quam

318 2147 389 2186 alii,
413 2153 449 2178 ut
472 2153 613 2189 propter
636 2147 724 2178 male
750 2146 985 2179 custodientes
1007 2147 1091 2185 vias,
1115 2157 1179 2188 per
1210 2157 1296 2189 quas
1327 2147 1472 2179 transire
1503 2153 1663 2189 poterant
1689 2147 1832 2186 inimici,
1864 2148 2056 2180 Ecellinum
2088 2159 2166 2180 cum

314 2201 474 2232 universa
496 2201 619 2232 militia
642 2201 842 2232 marchiana
866 2200 902 2231 in
926 2205 1030 2232 nocte
1054 2200 1264 2242 precedente
1296 2201 1525 2242 personaliter
1556 2200 1751 2232 advenisse.
1797 2201 1886 2232 Dum
1910 2201 2014 2245 igitur
2037 2201 2165 2234 diversi

408 2337 429 2353 1.
450 2330 647 2354 Cremensibus
671 2330 748 2361 dagli
765 2330 861 2360 ANN.3
881 2337 922 2352 ma
942 2330 964 2352 sl
982 2330 1032 2352 cod.
1050 2335 1065 2352 2
1087 2329 1227 2360 (Farigino
1243 2330 1284 2359 81)
1305 2337 1381 2353 rea-11:
1403 2329 1641 2354 Cremonensibus
1660 2336 1727 2352 come
1746 2329 1769 2352 A
1789 2329 1865 2353 MUR.
1882 2342 1913 2345 —-
1936 2329 2057 2362 2.opido
2075 2331 2164 2352 scritta

314 2372 525 2401 posterum-mente
545 2371 614 2394 dallo
633 2374 708 2395 stesso
726 2372 823 2402 copista
842 2373 870 2394 in
890 2371 913 2394 A
932 2374 1009 2401 sopra
1028 2379 1079 2394 uno
1107 2372 1191 2401 φακὴ)
1211 2371 1316 2394 lascz‘ato
1337 2372 1364 2393 z'n
1385 2371 1474 2394 bianco
1501 2384 1532 2388 —
1554 2378 1578 2403 3.
1598 2371 1648 2395 sub
1668 2370 1807 2395 dederunt
1824 2370 1848 2394 Α
1868 2385 1900 2388 —
1922 2371 1945 2395 8.
1966 2371 2162 2396 audaetissime

316 2413 339 2435 A
358 2425 368 2430 -
387 2413 466 2444 quid]
486 2414 533 2445 qui
552 2413 575 2436 A
594 2426 626 2430 —-
645 2420 669 2443 9.
690 2413 873 2437 execrandam
891 2413 914 2436 A
931 2426 962 2429 —-
980 2420 1018 2444 14.
1034 2413 1151 2436 Ancone
1164 2413 1206 2439 A,-
1220 2413 1318 2436 Acone
1332 2413 1404 2443 lagga·
1423 2412 1446 2435 z’l
1464 2412 1542 2436 MUR.
1561 2412 1630 2443 cogli
1648 2412 1729 2436 ANN.
1747 2413 1791 2435 elza
1811 2413 1895 2435 hanno
1912 2414 1974 2443 perc>
1994 2412 2162 2437 Aconitana.

317 2454 341 2476 Il
359 2455 410 2477 cod.
432 2461 447 2477 2
468 2454 607 2485 (Parz'gz'no
627 2455 668 2485 81)
688 2455 737 2478 ha:
758 2455 838 2479 Acon
859 2467 869 2472 -
890 2454 1094 2486 negotiatores]
1124 2454 1333 2485 negotiationes
1354 2455 1377 2477 A
1404 2467 1435 2471 —-
1465 2458 1504 2484 17.
1524 2453 1613 2478 navili
1632 2454 1655 2476 A
1676 2467 1708 2470 —
1729 2460 1771 2478 20.
1792 2454 1987 2478 Anconitania
2005 2454 2029 2477 A
2048 2468 2059 2472 -
2077 2461 2161 2486 expu-

317 2495 420 2527 lerunt]
438 2497 528 2526 prima
547 2496 726 2527 expulserunt
742 2497 789 2527 poi
812 2496 941 2519 rasi-hiato
961 2496 997 2519 l's
1017 2497 1044 2519 in
1070 2497 1093 2519 A
1119 2509 1151 2512 —-
1166 2502 1257 2520 21-22.
1278 2496 1373 2519 horret
1398 2495 1508 2519 animus
1527 2496 1684 2527 temporum
1710 2496 1872 2519 nostrorum
1898 2496 1976 2520 Mun.
1997 2496 2066 2526 cogli
2082 2497 2160 2520 ΑΝΝ.

317 2546 366 2561 om.
386 2538 410 2560 A
428 2551 461 2555 —
476 2544 517 2568 24.
531 2537 702 2570 Romanam]
721 2539 842 2563 Romam
854 2538 877 2561 A
896 2551 928 2555 —
950 2543 991 2568 27.
1010 2537 1201 2571 suggestione]
1229 2538 1404 2562 subiectione
1423 2537 1446 2560 A
1465 2550 1497 2554 —
1518 2543 1560 2569 29.
1582 2536 1699 2568 malitia]
1721 2537 1826 2561 militia
1845 2537 1938 2567 Arm-3
1954 2537 1998 2569 gli
2010 2538 2090 2562 ANN-
2108 2538 2161 2568 leg-

314 2587 380 2610 gono
401 2579 436 2610 (p.
457 2579 531 2610 171).·
550 2586 567 2603 a
587 2579 690 2604 militia
709 2587 767 2604 non
786 2579 896 2604 destitit
916 2592 948 2597 —-—
974 2587 1017 2611 31.
1042 2578 1186 2610 adiunxit]
1212 2579 1332 2604 admixit
1357 2579 1380 2602 A
1404 2592 1437 2596 —
1459 2585 1501 2610 3²·
1521 2577 1668 2610 crementi]
1696 2578 1863 2602 incrementi
1886 2579 1963 2603 Mun.
1984 2593 2016 2596 —
2038 2585 2078 2611 33.
2098 2579 2160 2604 tuto

316 2622 410 2652 ANN.;
430 2622 510 2645 tanto
529 2622 553 2644 A
572 2622 650 2646 Mun.
671 2635 702 2638 —-
723 2621 764 2653 36.
784 2622 884 2652 utpote
898 2622 976 2645 Mun.
996 2622 1076 2646 ΑΝΝ.
1095 2622 1126 2645 ut
1144 2622 1168 2644 A

405 2714 412 2730 ¹
436 2723 474 2740 11.
494 2716 590 2747 luglio.
611 2716 657 2741 Cf.
676 2717 793 2740 Annales
812 2717 969 2742 Placentini.
1128 2712 1131 2720 '
1357 2716 1367 2731 ¹³
1387 2717 1409 2741 n
1427 2718 1530 2749 giorno
1554 2718 1587 2742 28
1606 2716 1734 2749 d'agosto
1759 2718 1882 2741 secondo
1902 2716 2066 2741 Rolandino
2093 2716 2160 2748 (RR.

403 2756 413 2772 ²
434 2757 479 2782 Cf.
500 2758 684 2788 RoLANmNQ
705 2758 761 2781 RR.
784 2759 817 2782 Il.
839 2759 899 2786 SS.,
921 2759 994 2790 VIII,
1015 2767 1040 2792 p.
1064 2760 1120 2791 148,
1135 2767 1205 2782 nuo-
1268 2760 1300 2783 Il.
1323 2760 1384 2786 SS.,
1404 2759 1479 2789 VIII,
1499 2767 1525 2791 p.
1549 2764 1604 2790 150,
1631 2765 1724 2783 nuova
1748 2758 1828 2790 ediz.)
1848 2766 1863 2783 e
1881 2759 1994 2783 Parisio
2017 2759 2051 2782 da
2076 2757 2162 2783 Cerea

317 2806 350 2824 va
369 2799 507 2823 edizione.
1269 2800 1316 2831 (M.
1335 2802 1364 2824 G.
1381 2801 1429 2828 H„
1443 2800 1490 2825 SS.
1510 2801 1584 2830 XIX,
1604 2808 1631 2832 p.
1653 2799 1709 2830 16)3
1724 2801 1821 2825 invece
1841 2800 1964 2824 secondo
1977 2801 2079 2833 Iacopo
2093 2800 2163 2824 Mal-

405 2839 415 2855 3
437 2847 471 2872 24
490 2841 603 2873 giugno.
1267 2844 1340 2866 vezzi
1359 2842 1390 2866 fu
1410 2842 1430 2865 il
1450 2848 1484 2873 30
1502 2843 1602 2874 agosto
1622 2842 1690 2873 (RR.
1712 2842 1746 2865 II.
1768 2842 1828 2870 SS.,
1849 2842 1922 2872 XIV,
1941 2849 1966 2866 c.
1985 2841 2059 2873 9²5)-

405 2880 417 2896 ⁴
437 2881 492 2906 San
512 2882 655 2907 Giovanni
675 2883 772 2908 d’Acri
792 2885 821 2907 in
841 2884 923 2909 Siria.
1355 2882 1365 2898 7
1386 2883 1526 2908 Gambara
1544 2891 1560 2908 a
1579 2883 1687 2908 sud-est
1705 2883 1733 2907 di
1752 2884 1871 2908 Brescia.

404 2922 415 2941 5
434 2924 582 2949 Peschiera
601 2925 644 2949 sul
663 2925 726 2957 lago
747 2925 776 2950 di
796 2925 899 2951 Garda.

2193 771 2230 802 10

2193 1034 2230 1066 15

2190 1831 2232 1861 30

2190 2094 2229 2127 35
