2307 3592
145 248 230 283 [AA.
251 249 449 282 1207-1209]
780 244 1091 281 CHRONICON
1119 243 1288 280 ESTEN
1291 243 1350 279 SE
1958 241 1977 279 7

793 398 965 441 MCCVIJ
990 399 1034 431 de
1057 408 1175 431 mense
1199 399 1335 441 aprelis.

232 469 358 501 Civitas
382 467 536 512 Argente
562 475 662 511 capta
684 469 749 500 fuit
764 480 785 501 a
799 468 1055 501 Ferariensibus
1070 475 1170 511 rupta
1187 476 1220 502 et
1237 469 1414 501 combusta
1429 475 1463 501 et
1480 469 1643 501 cathenas
1659 479 1746 508 suas,
1764 479 1830 511 que
1853 467 1986 500 Padum

146 519 362 557 claudebant,
387 525 422 550 et
444 525 624 561 pretonem
648 519 706 551 ubi
730 520 821 552 dicte
846 520 991 551 cathene
1017 520 1162 552 conficte
1180 526 1278 551 erant
1296 520 1532 551 conduxerunt
1549 519 1740 552 Ferrariam
1765 526 1798 551 et
1822 519 1912 551 dicte
1931 529 1988 550 ca-

144 571 247 602 thene
271 569 380 612 posite
403 570 544 601 fuerunt
566 570 602 601 in
626 571 826 612 episcopatu
850 570 1003 602 Ferarie:
1030 576 1063 602 et
1086 570 1260 612 predonus
1283 570 1412 612 positus
1435 570 1500 602 fuit
1523 580 1624 612 super
1655 570 1804 612 plateam
1836 570 1988 601 comunis

101 620 118 652 5
143 620 283 652 Ferarie
299 626 333 652 et
348 620 586 652 conduxerunt
608 631 769 663 magnam
786 620 1007 663 quantitatem
1025 627 1277 652 carceratorum
1294 621 1338 652 de
1356 622 1525 652 Ravenna
1542 621 1585 652 ad
1604 620 1774 652 civitatem
1799 618 1986 653 Ferrarie¹.

232 671 365 702 Eodem
388 671 579 702 millesimo.
627 671 713 703 Cum
736 671 873 702 illustris
895 671 946 703 vir
969 671 1067 714 Acco
1091 671 1242 703 marchio
1267 671 1408 703 estensis
1423 670 1434 687 ²
1463 671 1506 702 de
1537 671 1734 713 volunptate
1758 671 1914 713 partium,
1938 670 1988 702 vi-

144 721 270 754 delicet
295 721 425 753 comitis
450 721 568 754 Sancti
591 721 753 765 Bonifatij
772 727 806 753 et
830 721 962 753 comitis
978 721 1255 760 Monticulorum,
1272 721 1425 764 regimen
1449 722 1653 763 suscepisset
1678 721 1822 753 civitatis
1846 721 1987 753 Verone

144 778 178 804 et
200 772 389 814 prudenter
412 772 447 802 in
470 782 530 803 suo
554 771 719 814 regimine
743 781 779 803 se
803 771 956 811 haberet,
980 771 1161 804 Monticuli
1186 773 1305 804 favore
1336 771 1494 814 Accolim‘
1525 772 1569 803 de
1599 772 1770 810 Romano,
1795 772 1853 814 qui
1885 772 1989 803 vitam

140 822 332 854 terminavit
353 822 389 854 in
411 822 562 854 heretica
578 822 757 864 pravitate,
782 822 878 854 facta
902 822 1138 854 coniuratione
1164 829 1284 854 contra
1308 833 1385 853 eum
1408 821 1586 866 Acconem
1610 823 1853 860 marchionem,
1876 823 1986 864 ipsum

80 875 118 905 lO
142 873 252 905 subito
277 873 462 905 eiecerunt.
510 873 558 905 At
580 873 650 911 ille,
673 878 711 904 ut
733 878 854 914 potens
878 872 929 904 vir
953 879 988 905 et
1010 872 1245 915 magnanimus
1270 883 1311 904 ac
1335 878 1472 911 astutus,
1504 873 1689 905 vindictam
1722 883 1875 905 asumere
1907 873 1990 904 tanti

143 923 324 955 dedecoris
347 923 540 961 intendens,
564 923 715 965 undique
740 923 937 955 convocatis
953 923 1070 955 amicis
1093 923 1170 961 suis,
1186 923 1302 955 valida
1324 934 1426 954 manu
1449 923 1509 954 ivit
1525 923 1709 963 Veronam,
1734 930 1831 965 parte
1848 923 1990 955 Comitis

141 973 307 1016 prebente
331 974 395 1006 sibi
419 974 580 1006 auxilium
604 980 638 1005 et
665 974 831 1006 favorem.
877 973 1043 1017 Acolinus
1066 984 1085 1006 e
1109 980 1238 1013 contra,
1265 973 1399 1006 colecta
1421 973 1635 1006 multitudine
1660 980 1865 1006 armatorum
1884 973 1993 1005 bella-

143 1031 264 1064 torum,
280 1025 315 1056 in
330 1024 516 1057 subsidium
533 1023 800 1056 Monticulorum
815 1024 966 1066 perrexit
981 1024 1170 1062 Veronam;
1188 1030 1222 1055 et
1237 1024 1367 1056 factum
1385 1030 1434 1056 est
1457 1023 1617 1066 'prelium
1633 1025 1816 1056 maximum
1833 1031 1990 1066 equestre

141 1076 176 1107 in
198 1075 325 1107 Bradia
347 1075 487 1108 Verone
497 1074 521 1114 ³,
544 1075 579 1106 in
610 1085 677 1117 quo
705 1085 785 1117 pars
808 1074 1021 1106 Marchjonis
1046 1081 1079 1106 et
1102 1074 1242 1107 Comitis
1267 1074 1480 1107 adversarios
1503 1081 1639 1107 strenue
1666 1075 1847 1117 superavit.
1893 1075 1993 1107 Man-

80 1126 116 1157 15
143 1126 236 1158 tuani
258 1136 340 1158 vero
367 1126 604 1158 conduxerunt
618 1125 800 1167 pecuniam
818 1125 1006 1157 comuniter
1021 1126 1058 1157 in
1077 1135 1178 1156 curru
1195 1131 1229 1157 et
1244 1131 1412 1157 venerunt
1428 1125 1463 1156 in
1480 1125 1640 1157 auxilium
1663 1126 1885 1165 Marchionis,
1901 1126 1993 1157 unde

143 1175 324 1209 Monticuli
348 1183 471 1209 octava
494 1177 550 1208 die
573 1175 799 1219 septembris4
822 1176 857 1207 in
879 1182 982 1208 nocte
1005 1176 1241 1218 relinquerunt
1265 1176 1436 1208 civitatem
1469 1182 1504 1208 et
1534 1177 1708 1219 fugierunt
1732 1177 1908 1219 cupientes
1938 1187 1992 1209 so-

146 1227 316 1260 lummodo
340 1228 472 1260 salvare
495 1237 669 1270 personas.
716 1228 793 1259 Hoc
818 1227 885 1259 fuit
908 1227 1038 1259 initium
1061 1227 1243 1259 multorum
1267 1227 1432 1258 malorum
1449 1237 1519 1258 non
1539 1228 1648 1258 solum
1664 1228 1819 1269 predicte
1838 1227 1991 1265 civitatis,

142 1284 194 1310 set
216 1277 373 1309 Marchie
398 1284 432 1310 et
453 1277 671 1310 Lombardie.
704 1278 758 1310 Ex
780 1284 861 1309 tunc
885 1277 1044 1310 Marchio
1064 1284 1098 1309 et
1115 1288 1229 1310 comes
1245 1278 1447 1310 Bonefatius
1464 1283 1536 1310 toto
1555 1284 1707 1320 tempore
1723 1278 1791 1310 vite
1807 1289 1866 1310 sue
1884 1278 1992 1310 domi-

140 1328 233 1360 nium
257 1328 397 1361 Verone
420 1328 620 1361 habuerunt.
644 1327 826 1361 Monticuli
841 1339 924 1361 vero
941 1330 1105 1360 roccham
1130 1329 1246 1361 Garde
1260 1329 1271 1345 ⁵
1288 1328 1590 1371 inexpugnabilem
1616 1328 1813 1371 cupientes6
1837 1329 1872 1360 in
1896 1339 1936 1360 ea
1959 1339 1994 1361 se

79 1380 121 1411 20
145 1379 278 1412 fortiter
300 1379 505 1412 munierunt.

231 1430 363 1463 Eodem
386 1430 576 1470 millesimo,
601 1437 748 1463 castrum
770 1430 994 1474 Bragantini⁷
1019 1431 1063 1463 de
1088 1430 1242 1462 districtu
1265 1430 1405 1462 Ferarie
1430 1431 1604 1473 inceptum
1628 1430 1704 1463 fuit.

230 1482 362 1514 Eodem
385 1482 564 1514 millesimo
577 1481 600 1521 ⁸,
617 1482 754 1524 incepta
778 1488 828 1514 est
851 1491 975 1525 guerra
999 1481 1086 1514 inter
1109 1481 1281 1514 dominum
1307 1481 1545 1514 Marchionem
1570 1488 1737 1514 estensem
1762 1487 1796 1514 et
1819 1482 1992 1514 dominum

145 1532 397 1576 Salinguerram
412 1531 433 1564 ⁹.

968 1613 1188 1656 Mccva.

75 1692 114 1724 25
226 1693 390 1725 Dominus
413 1693 608 1725 Suxinellus
631 1699 665 1726 et
689 1693 833 1739 (Jiliolus
857 1693 901 1725 de
927 1693 1101 1737 Guicardo
1133 1699 1302 1726 venerunt
1324 1694 1517 1726 Ferrariam
1542 1704 1622 1726 cum
1646 1700 1743 1736 parte
1769 1694 1898 1727 domini
1929 1694 1992 1727 Sa-

139 1744 311 1787 linguerre
332 1750 366 1776 et
389 1744 514 1776 dictam
531 1744 701 1776 civitatem
717 1745 873 1776 vicerunt
891 1750 1010 1776 contra
1034 1745 1163 1776 dictum
1187 1744 1361 1776 dominum
1384 1744 1623 1777 Marchionem
1644 1751 1812 1777 estensem
1836 1751 1901 1778 etc.

229 1795 363 1827 Eodem
384 1794 563 1827 millesimo
589 1795 682 1827 circa
704 1795 794 1827 istud
817 1801 951 1838 tempus
974 1795 1063 1827 Octo
1088 1795 1158 1827 dux
1180 1794 1345 1827 Sacsonie
1369 1796 1404 1827 in
1426 1806 1544 1838 regem
1568 1795 1748 1828 Alemanie
1773 1796 1903 1828 electus
1927 1803 1995 1828 est:

142 1846 298 1878 discessit
319 1845 499 1877 Alemania
522 1852 555 1877 et
578 1847 673 1878 venit
695 1846 729 1877 in
752 1846 996 1878 Lombardiam
1029 1856 1106 1877 cum
1137 1856 1262 1889 magno
1294 1846 1455 1878 exercitu.
1502 1847 1542 1878 In
1574 1847 1670 1878 cuius
1695 1847 1820 1878 teribili
1844 1847 1995 1879 adventu

140 1897 278 1928 tremuit
300 1896 399 1927 Italia
422 1902 456 1928 et
478 1896 581 1927 nimio
605 1906 735 1938 pavore
753 1907 920 1929 concussa
936 1902 995 1928 est.
1042 1897 1095 1928 De
1119 1897 1280 1928 mandato
1304 1896 1419 1939 itaque
1443 1896 1537 1928 istius
1560 1897 1661 1940 regis,
1684 1897 1864 1929 Monticuli
1888 1908 1908 1929 a
1923 1898 1996 1929 vin-

77 1947 118 1979 30
143 1947 230 1978 culis
253 1946 399 1978 absoluti
422 1953 509 1979 sunt.
554 1947 621 1978 Iste
645 1957 707 1978 rex
728 1947 765 1978 in
789 1947 944 1979 omnibus
966 1946 1125 1979 utebatur
1150 1947 1291 1979 consilio
1317 1947 1463 1990 Ecellini
1489 1954 1523 1979 et
1554 1947 1772 1991 Salinguerre
1781 1960 1789 1986 3
1823 1948 1997 1980 dominum

140 1997 378 2029 Marchionem
395 2003 428 2030 et
445 1997 516 2029 eius
534 1997 661 2029 amicos
677 1997 827 2030 habebat
849 1998 1016 2030 inimicos.
1063 1998 1220 2030 Perrexit
1235 1998 1338 2040 igitur
1353 1998 1500 2030 Romam
1517 2004 1550 2030 et
1567 1999 1659 2040 apud
1674 1998 1839 2030 Sanctum
1859 1999 1996 2031 Petrum

142 2059 162 2079 a
184 2059 275 2090 papa
297 2048 474 2080 Inocentio
500 2054 680 2081 coronatus
704 2055 764 2081 est.
812 2047 892 2086 Quo
916 2049 1010 2081 facto
1035 2049 1217 2081 exaltatum
1242 2059 1302 2080 cor
1335 2049 1405 2081 eius
1433 2049 1561 2091 sprevit
1591 2049 1710 2080 summi
1736 2048 1914 2082 Pontificis
1939 2051 1999 2082 ad-

141 2098 360 2130 monitionem
383 2100 512 2140 pariter
536 2106 570 2131 et
592 2099 799 2131 mandat-um.
845 2099 942 2141 Papa
957 2109 1040 2131 vero
1058 2099 1256 2131 Inocentius
1279 2100 1390 2131 statim
1414 2110 1491 2131 eum
1514 2099 1653 2141 publice
1678 2100 1901 2132 anathematis
1923 2101 1996 2132 vin—

144 2149 221 2180 culo
245 2149 439 2187 innudavit3
465 2156 498 2181 et
522 2149 565 2181 ab
589 2149 647 2181 illa
671 2151 757 2181 hora
781 2150 875 2192 cepit
899 2150 972 2182 eius
995 2150 1156 2192 superbia
1179 2150 1346 2189 inclinari,
1371 2150 1483 2182 donec
1507 2151 1670 2192 paulatim
1694 2151 1738 2182 ad
1761 2150 1924 2182 nichilum
1949 2158 1998 2183 est

77 2199 118 2231 35
142 2199 312 2232 reductus.
360 2199 412 2232 'Et
435 2207 562 2243 quanto
587 2200 653 2233 fuit
676 2201 710 2231 in
734 2201 845 2232 altiori
867 2201 987 2244 gradu,
1011 2207 1105 2233 tanto
1129 2201 1164 2232 in
1188 2201 1310 2232 minori
1334 2201 1470 2243 gravior
1495 2207 1545 2233 est
1567 2207 1703 2233 secutus
1718 2202 1751 2233 ¹⁰.

231 2325 256 2351 6.
276 2327 346 2351 Cum
366 2335 412 2350 om.
434 2327 511 2352 Mun.
532 2340 565 2344 —
586 2333 610 2358 7.
629 2327 743 2351 comitis
752 2328 843 2358 prima
862 2328 892 2350 di
910 2327 1130 2351 Monticulorum
1144 2335 1190 2351 om.
1207 2327 1285 2352 Mun.
1305 2341 1337 2345 —-
1352 2327 1377 2352 8.
1391 2327 1431 2360 et]
1452 2329 1484 2351 εἴ)
1497 2328 1540 2355 B;
1559 2335 1623 2352 cum
1637 2328 1716 2352 MUR.
1736 2340 1747 2345 -
1767 2328 1896 2352 Eczolini
1915 2329 1993 2353 Mun.

145 2381 176 2385 —
193 2374 232 2392 10.
247 2368 388 2393 eiciemnt
400 2369 424 2391 A
437 2382 448 2387 -
467 2375 498 2392 ac
516 2368 636 2400 astutus]
655 2369 684 2392 et
702 2370 811 2393 astutus
825 2369 903 2393 Mun.
919 2383 950 2386 —
969 2376 1008 2392 11.
1029 2368 1119 2401 parte]
1139 2370 1167 2392 in
1186 2369 1210 2391 A
1230 2370 1324 2400 partes
1343 2377 1388 2392 con
1409 2377 1421 2393 s
1441 2372 1547 2400 espzmto
1567 2383 1600 2386 —
1621 2375 1662 2393 12.
1683 2367 1826 2401 prebente]
1847 2370 1876 2393 in
1893 2369 1918 2392 A
1937 2377 1998 2402 pre-

144 2410 241 2434 bentes
260 2417 305 2433 con
324 2417 336 2433 s
355 2413 461 2441 espunto
481 2423 491 2428 -
511 2410 660 2434 Eczolinus
680 2411 757 2435 Mna.
780 2424 811 2428 -—
836 2416 875 2441 13.
897 2409 1059 2441 maximum]
1081 2418 1212 2442 magnum
1231 2411 1257 2433 B
1276 2411 1353 2435 MUR.
1376 2425 1406 2428 —-
1430 2418 1469 2442 14.
1489 2410 1614 2442 Verone]
1635 2411 1738 2435 Veron.
1757 2411 1781 2434 A
1801 2425 1833 2428 —
1856 2411 1896 2435 16.
1915 2411 1998 2434 Mon-

144 2451 222 2475 ticuli
241 2459 287 2475 om.
308 2452 368 2475 AB
386 2452 480 2483 MUR.3
499 2452 621 2483 togliamo
640 2452 717 2483 dagli
734 2453 814 2477 ANN.
832 2453 877 2475 εἶτε
895 2452 982 2475 hanno
1001 2452 1027 2475 la
1046 2455 1166 2483 seguente
1180 2452 1291 2476 lesione:
1313 2452 1393 2477 Unde
1407 2452 1559 2476 Monticuli
1573 2460 1634 2476 cum
1649 2453 1778 2477 omnibus
1797 2453 1999 2477 adherentibus

101 2498 113 2524 5
143 2493 206 2522 sibi,
225 2494 314 2518 nimio
335 2495 442 2518 terrore
462 2493 613 2526 perterriti,
634 2495 735 2518 octavo
756 2494 800 2518 die
819 2494 945 2519 intrante
965 2494 1126 2525 septembri,
1145 2495 1227 2518 nocte
1247 2494 1361 2518 civitate
1380 2494 1506 2524 dimissa,
1525 2494 1665 2527 fugerunt,
1685 2494 1792 2519 salvare
1807 2501 1940 2527 personas
1953 2502 1997 2519 so-

144 2535 287 2559 lummodo
302 2535 446 2569 cupientes
461 2550 492 2553 —
509 2542 549 2566 19.
564 2535 719 2568 cupientes]
734 2536 875 2568 capientes
890 2536 968 2560 ANN.
983 2549 1015 2553 —
1036 2543 1078 2567 34.
1098 2535 1198 2566 donec]
1219 2535 1320 2560 deinde
1338 2536 1364 2559 B
1382 2537 1460 2560 Mun.
1476 2549 1509 2553 —
1528 2541 1571 2568 35.
1592 2536 1718 2560 redactus
1737 2536 1815 2560 Mun.
1835 2544 1848 2558 e
1867 2537 1944 2560 ANN-

230 2611 238 2628 ¹
257 2614 384 2645 Argenta
402 2613 433 2637 fu
455 2620 532 2646 presa
552 2621 566 2637 e
593 2613 726 2638 distrutta
753 2613 799 2637 dai
825 2614 966 2638 Ferraresi
994 2614 1038 2637 nei
1094 2612 1239 2637 “dex-ando
1251 2613 1280 2637 di
1291 2614 1406 2638 rendere
1418 2614 1630 2646 inespugnabile
1642 2614 1667 2637 la
1680 2621 1759 2638 rocca
1771 2614 1800 2637 di
1812 2613 1914 2639 Garda.
1926 2632 1996 2645 ...„.

145 2661 219 2679 1200.
258 2654 302 2680 Cf.
322 2656 356 2679 A.
376 2655 483 2686 szm,
503 2658 542 2686 op.
562 2656 618 2683 cit„
637 2654 686 2685 ΙΙΙ,
706 2663 732 2688 p.
753 2662 795 2687 43.
1182 2653 1193 2670 ⁷
1215 2656 1387 2687 Bergantino
1407 2655 1479 2679 sulla
1498 2655 1615 2680 sinistra
1635 2657 1678 2680 del
1698 2654 1738 2680 Ρὸ
1758 2655 1803 2679 nel
1822 2656 1946 2680 Polenne
1968 2656 1995 2679 di

229 2695 241 2712 ²
260 2697 336 2721 Azzo
356 2697 402 2721 VI.
1095 2696 1216 2729 Rovigo.

86 2747 116 2764 10
231 2736 242 2753 ³
260 2739 358 2762 Piazza
378 2739 441 2763 Bra.
1182 2735 1194 2751 ⁸
1213 2738 1295 2768 Negli
1314 2738 1433 2762 Annales
1450 2739 1632 2762 Fert-arienses
1646 2738 1729 2770 (editi
1749 2738 1784 2762 da
1798 2739 1851 2762 PH.
1863 2737 1953 2762 ΙΑΕιτὲ
1967 2739 1996 2761 in

229 2779 239 2791 ⁴
259 2780 311 2804 ΡΗ.
327 2779 425 2812 JAFFe,
445 2781 551 2805 annota
576 2779 588 2792 “
603 2780 707 2804 Octobri
729 2780 878 2814 legendum
905 2781 1038 2811 videtur„
1096 2779 1133 2802 ill.
1151 2779 1183 2802 G.
1198 2779 1243 2809 H„
1264 2779 1338 2809 XIX,
1359 2779 1430 2811 663),
1451 2782 1495 2804 sta
1514 2781 1590 2804 sotto
1609 2781 1636 2804 al
1658 2779 1733 2804 1206.

142 2821 257 2845 Annales
267 2820 505 2853 Sanctaeszcstz'ncze
520 2823 550 2845 in
563 2821 601 2845 M.
618 2822 651 2846 G.
667 2822 801 2852 H.,X[X‚
817 2831 843 2855 p.
860 2829 918 2854 149,
933 2823 1002 2846 nota
1016 2827 1040 2853 7.
1183 2819 1194 2835 ⁹
1213 2820 1391 2853 Saiinguerra
1409 2822 1487 2853 figlio
1508 2822 1537 2846 di
1556 2822 1667 2846 Torello
1687 2821 1771 2854 sposo
1791 2822 1864 2847 Sofia
1876 2821 1950 2853 figlia
1968 2821 1997 2845 di

231 2863 242 2879 ⁵
263 2863 357 2888 Garda
375 2864 444 2888 suna
464 2864 525 2888 riva.
552 2864 688 2888 orientale
715 2864 758 2888 del
776 2864 838 2897 iago
860 2864 890 2888 di
910 2864 1004 2888 Garda
1024 2871 1041 2888 a
1096 2862 1226 2886 Ezzelino
1247 2863 1282 2887 da
1300 2864 1438 2888 Romano.

144 2914 159 2938 4
179 2906 228 2930 kil.
248 2907 282 2930 N.
303 2905 338 2930 da
358 2906 523 2930 Bardolino.
1176 2903 1197 2919 ¹0
1218 2904 1265 2929 Gli
1282 2905 1400 2929 Annales
1417 2906 1529 2930 Sanctae
1542 2905 1667 2938 statinae
1686 2907 1860 2930 continuano
1878 2907 1927 2938 poi
1945 2913 1997 2929 con

88 2957 115 2982 15
233 2945 244 2962 ⁶
257 2947 304 2971 Gli
314 2947 432 2970 Annales
441 2945 535 2971 danno
547 2946 712 2980 “capientes
720 2965 733 2979 ,‚
749 2955 794 2972 ma
807 2948 832 2972 ci
847 2955 913 2980 pare
926 2946 1042 2978 prefert·
1096 2953 1152 2970 una
1172 2947 1279 2971 notizia
1302 2947 1463 2971 riferentesi
1484 2949 1507 2971 nl
1536 2949 1695 2972 monastero
1716 2948 1743 2971 di
1763 2949 1844 2972 santa
1864 2947 1997 2971 Giustina

144 2989 200 3013 bile
211 2989 236 3013 la
251 2989 323 3013 lectio
336 2989 488 3019 dtffict'lior:
502 2990 655 3022 cupientes,
670 2996 684 3013 e
698 2988 928 3022 interpretiamo:
946 2988 959 3002 u
970 2988 1041 3013 desi·
1096 2988 1146 3012 che
1164 2995 1264 3013 manea
1278 2989 1324 3012 nel
1348 2989 1493 3012 ebrona-on
1511 2989 1626 3013 Estense.

2026 2746 2059 2764 20

2027 2954 2057 2979 ²5

2067 1040 2087 1055 c.
2101 1038 2146 1058 25⁷

2077 2212 2152 2234 Mun„
2168 2211 2206 2230 302
