2297 3476
104 705 123 721 c.
140 705 191 724 ²5⁷¹

89 2304 106 2318 c.
124 2301 173 2317 ἔον

274 186 292 220 8
902 190 1215 226 CHRONICON
1246 190 1479 227 ESTENSE
1807 198 1891 232 [AA.
1911 200 2110 234 1210-1213]

1115 352 1260 385 MCCX.

355 430 542 472 Imperator
564 430 741 473 predictus
756 431 1059 463 venit'Ferrariam
1075 438 1109 463 et
1130 442 1253 473 pacem
1277 433 1363 465 fecit
1378 432 1465 465 inter
1482 433 1657 465 dominum
1673 434 1911 467 Marchionem
1936 441 2104 468 estensem

269 488 302 513 et
325 483 498 515 dominum
523 484 776 527 Salinguerram
790 486 816 522 1;
842 484 969 516 deinde
992 485 1135 516 recessit
1159 492 1192 516 et
1216 496 1372 518 reversus
1400 493 1451 518 est
1473 486 1510 517 in
1533 486 1759 526 Alemaniam,
1785 489 2110 521 excomunicationis

266 535 402 568 vinculo
419 537 610 569 innudatus.
645 538 690 569 Et
707 543 916 580 congregato
934 537 1085 569 exercitu
1102 539 1258 576 maximo,
1276 540 1427 581 perrexit
1441 540 1602 572 adversus
1614 539 1810 583 Phylypum
1827 550 1944 584 regem
1960 542 2111 574 Franco-

264 599 353 626 rum;
372 590 426 622 cui
439 590 586 622 assotiati
599 596 676 622 sunt
688 591 826 634 quidam
838 591 1023 632 principes,
1036 592 1127 634 regis
1140 592 1286 624 Francie
1299 592 1514 634 prodictores
1526 592 1547 624 ².
1580 592 1641 624 Set
1653 592 1877 636 Francigene,
1895 605 1954 626 sue
1972 595 2109 637 antique

264 652 432 675 memores
454 643 642 686 probitatis,
665 643 870 676 unanimiter
892 650 1011 676 contra
1035 644 1188 676 inimicos
1204 646 1366 687 impetum
1382 646 1562 684 facientes,
1580 645 1815 678 incredibilem
1839 646 1882 678 de
1900 647 2112 689 imperatoris

270 693 434 727 'exercitu
458 696 636 728 victoriam
659 696 860 729 habuerunt.
908 696 1020 729 Causa
1042 707 1123 729 vero
1147 697 1240 729 istius
1263 698 1362 742 prelij
1388 698 1511 730 dicitur
1534 699 1601 730 hec
1617 698 1735 737 fuisse,
1752 698 1832 741 quia
1851 699 2042 741 Imperator
2057 701 2108 732 di-

265 746 375 788 cebat,
398 759 516 792 regem
540 750 686 782 Francie
711 749 894 782 liberaliter
915 749 1108 792 promisisse
1131 750 1195 782 sibi
1219 751 1386 783 Patisium
1410 761 1446 783 se
1471 751 1638 789 daturum,
1671 751 1699 782 si
1722 751 1810 783 Octo
1839 762 2011 795 nunquam
2052 764 2108 786 ro-

264 810 399 833 manum
422 803 606 845 Imperium
630 803 809 836 obtineret.
856 803 935 835 Rex
957 813 1039 835 vero
1074 803 1305 843 considerans,
1336 815 1372 836 se
1396 804 1532 836 incaute
1565 804 1656 835 illam
1683 804 1942 846 promissionem
1973 806 2110 846 fecisse,

264 853 418 888 decrevit
439 857 550 898 potius
574 862 642 889 tam
665 856 807 888 arduam
830 856 1043 899 questionem
1068 855 1150 888 belli
1174 866 1248 889 esse
1273 856 1397 890 iudicio
1423 857 1679 889 terminandam.

853 962 1008 1005 MCCXJ
1034 962 1089 994 die
1113 962 1222 1004 primo
1246 963 1370 994 mensis
1394 963 1515 994 martii.

347 1032 431 1065 Pars
455 1034 585 1066 domini
611 1034 830 1077 Salinguerre
855 1033 996 1075 expulsa
1012 1033 1076 1065 fuit
1093 1033 1137 1065 de
1154 1033 1292 1065 Feraria
1316 1043 1377 1076 per
1394 1034 1522 1065 dictum
1540 1034 1713 1066 dominum
1737 1034 1974 1067 Marchionem
1997 1041 2108 1068 esten-

261 1092 331 1115 sem
356 1091 420 1118 etc.
435 1085 456 1118 ³.

344 1138 477 1172 Eodem
493 1140 682 1173 millesimo.
701 1141 776 1172 Istis
793 1139 1002 1182 temporibus
1018 1138 1206 1172 Federicus
1223 1139 1428 1172 adoloscens
1445 1150 1505 1172 rex
1521 1139 1652 1178 Sicilie,
1670 1140 1759 1171 filius
1777 1140 1949 1183 quondam
1966 1142 2108 1174 Henrici

260 1189 474 1232 imperatoris
498 1199 532 1225 et
554 1194 674 1236 regine
699 1192 910 1232 Constant-le,
943 1202 1009 1235 que
1033 1193 1098 1225 fuit
1120 1192 1189 1224 filia
1220 1192 1362 1236 Rogerij
1388 1193 1478 1236 regis
1510 1192 1640 1232 Sicilie,
1666 1194 1710 1225 de
1743 1194 1903 1226 mandato
1935 1195 2108 1238 magnifici

256 1243 428 1283 pontificis
451 1256 541 1288 pape
565 1247 756 1290 Innocentij
782 1257 846 1289 per
868 1246 1113 1279 Lombardiam
1138 1256 1215 1277 cum
1239 1246 1365 1278 auxilio
1390 1245 1604 1278 Marchionis
1627 1247 1769 1279 estensis
1786 1247 1942 1279 ascendit
1963 1248 2000 1279 in
2023 1248 2106 1280 Ala-

257 1306 413 1330 maneam
438 1299 660 1332 confidenter.
709 1299 823 1337 Quem
846 1301 893 1332 ita
916 1299 1106 1343 gratissime
1130 1299 1255 1341 prelati
1280 1305 1314 1331 et
1336 1299 1512 1342 principes
1542 1299 1733 1332 Alemanee
1757 1308 1990 1343 susceperunt,
2014 1302 2107 1344 quod

256 1350 358 1391 pauci
381 1359 618 1385 remanserunt
641 1353 685 1385 de
708 1353 921 1396 principibus
945 1364 1022 1385 cum
1048 1353 1190 1385 Octone.
1238 1353 1395 1384 Tandem
1419 1353 1528 1395 ipsum
1553 1353 1586 1384 in
1610 1363 1726 1396 regem
1751 1359 1785 1385 et
1810 1353 1844 1385 in
1868 1354 2018 1386 futurum
2042 1355 2102 1386 im-

257 1408 451 1443 peratorem
476 1406 696 1439 concorditer
721 1407 899 1450 eligerunt.

875 1514 1048 1557 MCCXJJ
1075 1514 1118 1546 de
1142 1523 1259 1546 mense
1284 1513 1489 1546 novembris.

344 1580 440 1613 Sicut
462 1582 590 1624 placuit
614 1583 646 1615 ei
670 1584 727 1626 qui
751 1585 876 1617 auffert
899 1586 1052 1628 spiritum
1074 1585 1279 1627 principum,
1303 1584 1402 1628 Acco
1431 1585 1582 1618 marchio
1606 1584 1767 1618 estensis⁴
1791 1590 1824 1617 et
1848 1595 1964 1617 comes
1988 1585 2107 1618 Sancti

254 1633 427 1666 Bonesatii
449 1634 494 1666 de
518 1635 583 1668 hac
607 1636 685 1669 luce
720 1637 755 1669 in
773 1638 910 1671 civitate
928 1639 1080 1677 Vemne,
1099 1638 1161 1670 sub
1185 1649 1375 1681 paucorum
1392 1639 1524 1670 dierum
1549 1639 1658 1681 spatio
1682 1645 1761 1670 sunt
1782 1639 1957 1672 subtracti.
2002 1638 2105 1671 Unde

254 1687 362 1728 potuit
385 1697 538 1730 congrue
562 1689 632 1721 dici
655 1690 699 1722 de
723 1691 820 1733 ipsis:
847 1692 998 1724 Gloriosc'
1014 1692 1194 1735 principes
1217 1696 1319 1733 terre,
1345 1693 1501 1734 quoniam
1524 1693 1560 1723 in
1583 1692 1656 1723 vita
1678 1703 1737 1723 sua
1759 1703 1794 1723 se
1817 1692 1964 1724 dulciter
1979 1692 2104 1723 dilexe-

253 1744 342 1781 runt,
367 1741 417 1772 ita
439 1746 473 1772 et
494 1742 530 1773 in
553 1748 661 1775 morte
683 1749 762 1776 sunt
783 1746 920 1777 minime
950 1747 1114 1789 separati.
1161 1746 1328 1788 Reliquid
1359 1752 1471 1778 autem
1494 1745 1653 1778 Marchio
1678 1746 1763 1778 duos
1793 1745 1889 1785 filios,
1912 1744 2106 1778 Aldrovan-

254 1792 370 1824 diuum
394 1794 460 1826 iam
485 1795 741 1829 adolescentem
765 1804 800 1830 et
822 1798 980 1842 Aeonem
1004 1799 1211 1831 infantulum
1234 1809 1313 1831 cum
1337 1799 1478 1842 propria
1492 1799 1670 1842 genitrice.
1718 1798 1880 1831 Similiter
1903 1799 2030 1832 Comes
2050 1809 2105 1831 re-

253 1845 359 1888 liquid
383 1847 482 1886 duos,
507 1849 698 1892 Ricardum
722 1852 897 1890 maiorem,
923 1858 958 1884 et
981 1853 1147 1885 minorem
1171 1853 1310 1885 nomine
1334 1852 1576 1885 Guillielmum.

1076 1959 1244 1993 Mccxn
1247 1960 1276 2002 J.

337 2025 627 2067 Mediolanenses,
652 2029 710 2071 qui
732 2036 864 2071 partem
888 2030 1031 2063 Octonis
1055 2030 1232 2068 fovebant,
1258 2041 1335 2062 cum
1360 2031 1515 2063 exercitu
1540 2031 1668 2062 infinito
1686 2041 1788 2073 super
1813 2030 2001 2063 districtum
2018 2030 2104 2063 Cre-

251 2079 460 2110 monensium
484 2079 665 2113 irruerunt.
715 2081 853 2120 Quibus
877 2084 1141 2122 Cremonenses,
1166 2085 1223 2127 qui
1248 2084 1488 2116 exaltationem
1504 2084 1668 2126 principis
1684 2083 1843 2116 Federici
1865 2094 1997 2116 summo
2014 2083 2104 2116 desi-

251 2131 347 2163 derio
371 2132 592 2172 affectabant,
617 2136 709 2176 apud
733 2136 889 2168 Castrum
906 2138 1042 2169 leonem
1058 2138 1201 2170 viriliter
1225 2144 1440 2175 occurerunt,
1469 2137 1676 2180 inceptoque
1693 2137 1785 2169 bello
1809 2137 1843 2169 in
1867 2137 1923 2169 die
1939 2143 2104 2179 penteco-

250 2190 318 2215 stes
340 2185 620 2219 Mediolanenses
644 2194 741 2231 terga
764 2196 937 2222 vertentes
960 2190 1103 2221 militum
1129 2197 1162 2222 et
1184 2190 1337 2232 peditum
1361 2201 1430 2222 non
1455 2190 1624 2222 modicam
1649 2190 1870 2232 quantitatem
1902 2190 2000 2221 simul
2025 2200 2103 2221 cum

250 2237 409 2270 caroccio
426 2238 662 2272 admisserunt.
706 2242 758 2273 Ex
780 2243 841 2274 illo
865 2243 981 2284 itaque
1005 2249 1161 2285 tempore
1178 2243 1273 2276 fama
1290 2242 1571 2275 Cremonensium
1589 2249 1640 2275 est
1662 2254 1725 2286 per
1747 2243 1894 2285 populos
1918 2243 2102 2286 divulgata,

250 2290 354 2322 virtus
377 2290 494 2323 'etiam
519 2302 637 2325 eorum
664 2300 697 2326 et
720 2295 865 2327 audacia
889 2296 971 2328 tanti
995 2296 1170 2339 triumphy
1193 2296 1360 2338 preconio
1386 2303 1437 2329 est
1459 2296 1641 2338 plurimum
1666 2302 1893 2340 augmentata.

340 2427 363 2445 2.
385 2421 530 2446 dominum
550 2431 598 2446 om.
619 2425 644 2446 B
663 2424 741 2449 Mun.
761 2437 771 2442 -
792 2432 893 2458 magno
913 2426 939 2448 B
957 2426 1034 2451 Mun.
1055 2439 1086 2442 —
1107 2426 1130 2451 8.
1145 2433 1270 2459 unquam
1289 2427 1369 2451 Mun.
1388 2427 1458 2457 cogli
1475 2427 1554 2451 ANN.
1574 2440 1606 2444 —
1628 2434 1667 2458 14.
1683 2427 1787 2452 Cicilie
1800 2427 1826 2449 B
1844 2427 1920 2451 MUR.
1944 2440 1974 2443 —
1999 2431 2038 2457 15.
2053 2425 2100 2450 Ci-

249 2461 312 2485 cilie
332 2463 357 2485 B
377 2463 454 2488 Mun.
475 2478 506 2481 —
520 2471 562 2489 22.
575 2466 603 2488 in
623 2466 698 2497 luogo
712 2467 742 2489 di
755 2467 822 2496 luce,
833 2467 878 2498 gli
895 2468 974 2492 Amr.
995 2468 1118 2499 leggono:
1140 2469 1198 2491 vita
1214 2481 1245 2485 —
1267 2474 1308 2498 23.
1323 2468 1468 2500 quoniam]
1489 2469 1630 2500 quomodo
1650 2469 1727 2493 McR.
1747 2468 1816 2499 cogli
1833 2469 1911 2492 Axx.
1933 2481 1964 2485 -
1980 2474 2021 2499 31.
2037 2469 2094 2492 Me-

252 2503 426 2528 diolanenses
446 2506 522 2530 Mun.
543 2507 619 2537 dagli
638 2509 715 2531 ANN.
736 2516 784 2532 om.
803 2510 826 2532 A
849 2523 879 2525 —
907 2515 948 2539 33.
975 2510 1066 2534 virtus
1091 2518 1136 2533 om.
1164 2510 1240 2534 Mmz.
1253 2520 1261 2536 :
1282 2510 1308 2532 [a
1323 2510 1418 2541 parola
1444 2510 1535 2534 virtus
1554 2510 1567 2531 ἐ
1592 2510 1737 2541 ilkggsbile
1757 2511 1785 2533 in
1804 2510 1840 2537 A,
1856 2510 1948 2541 poich?
1966 2511 1979 2531 ἑ
1997 2510 2100 2533 visibile

248 2545 357 2568 soltanto
377 2546 399 2568 il
418 2555 456 2571 v-.
494 2548 526 2570 ln
545 2549 570 2570 B
596 2557 685 2571 manca
707 2550 732 2572 la
741 2550 837 2581 parola
855 2559 868 2573 e
891 2559 940 2574 non
960 2551 1019 2574 s’ha
1037 2551 1144 2578 lacuna,
1165 2551 1187 2573 z'l
1204 2552 1248 2574 che
1266 2552 1328 2577 vuol
1347 2552 1404 2574 Afra
1416 2550 1492 2581 forse
1511 2551 1555 2574 che
1574 2552 1753 2575 l’amanueme
1773 2551 1806 2574 Im
1825 2552 1929 2575 creduto
1949 2552 1992 2574 che·
2012 2553 2102 2575 virtus

201 2593 214 2615 5
238 2588 309 2617 fosse
329 2593 396 2613 stata
415 2591 559 2615 cancellata
578 2592 777 2623 ncll’origy'nale
794 2594 818 2617 A
838 2608 870 2612 —
892 2601 933 2625 33.
954 2597 981 2618 et
1000 2603 1045 2618 om.
1068 2596 1145 2619 ML'R.

338 2685 343 2700 ¹
364 2686 404 2710 La
424 2688 531 2712 notizia
550 2688 621 2713 della
639 2696 707 2720 pace
732 2689 775 2714 fra
803 2691 821 2714 il
841 2691 983 2715 Marchese
1003 2693 1110 2716 estense
1136 2699 1149 2715 e
1204 2692 1242 2716 rll.
1259 2693 1290 2715 G.
1305 2693 1349 2722 H„
1371 2692 1444 2722 XIX,
1464 2691 1527 2725 663)
1549 2694 1590 2716 sta
1610 2693 1687 2717 sotto
1707 2692 1728 2716 il
1750 2693 1825 2717 1208.

2158 597 2174 627 5

2135 860 2173 890 10

2136 1194 2172 1227 15

2128 1799 2168 1831 25

249 2727 427 2759 Salinguerra
447 2726 461 2751 ὲ
474 2728 538 2754 data
557 2730 646 2754 anche
665 2730 738 2763 dagli
758 2732 875 2755 Annales
894 2733 993 2756 Veteres
1012 2734 1148 2757 Mntinen'-
1293 2732 1303 2748 ⁴
1325 2735 1399 2758 Azzo
1420 2734 1457 2757 VI
1478 2734 1617 2759 marchese
1636 2734 1736 2758 d'Este
1756 2733 1899 2759 coll'aiuto
1923 2734 1965 2758 de’
1985 2735 2101 2760 Cremo·
2146 2743 2152 2750 *

248 2776 285 2791 ses
308 2768 379 2799 (KR
393 2770 429 2794 Π·
449 2770 507 2799 SS.,
527 2770 586 2801 XU·
1206 2777 1266 2800 nesi
1286 2775 1411 2808 ricuperc')
1431 2776 1558 2806 Ferrara,
1578 2783 1592 2800 e
1612 2783 1647 2800 ne
1672 2775 1766 2800 caceio
1787 2777 1850 2807 Ugo
1870 2777 1905 2800 da
1931 2776 2100 2806 Guarnasio,
2151 2784 2160 2805 ς

337 2808 346 2823 '2
368 2810 408 2834 La
428 2812 576 2843 battaglia,
596 2820 611 2836 a
631 2815 676 2837 cui
695 2821 815 2839 accenna
836 2815 854 2839 il
871 2816 1014 2840 Chronicon
1028 2816 1146 2844 Estense,
1203 2817 1322 2841 lasciato
1341 2817 1384 2841 ivi
1403 2825 1452 2850 per
1464 2816 1580 2848 podest&
1595 2818 1630 2842 da
1643 2818 1759 2842 Ottone.
1798 2818 1947 2842 Menzione
1961 2819 1991 2842 di
2004 2819 2101 2850 questa

190 2860 221 2876 ιο
248 2858 306 2875 non
326 2858 453 2877 arveni-ie
471 2853 515 2877 nel
538 2860 614 2884 1210,
636 2862 680 2879 ma
700 2856 745 2880 nel
768 2863 845 2887 1214,
866 2862 897 2888 27
917 2858 1007 2890 luglio
1027 2858 1146 2882 aPonte
1202 2866 1283 2891 presa
1303 2860 1411 2883 trovasi
1431 2859 1518 2883 anche
1538 2860 1567 2883 in
1588 2867 1643 2884 una
1663 2860 1763 2884 lettera
1778 2859 1971 2884 d’Innocenzo
1985 2867 2058 2893 papa
2072 2861 2099 2882 in

248 2893 367 2917 Bovino.
406 2893 438 2918 L'
447 2895 618 2926 imperatore
637 2894 698 2920 subi
717 2905 773 2921 una
792 2905 878 2930 grave
897 2900 1038 2924 sconfitta.
1200 2901 1264 2925 data
1283 2908 1327 2925 vn
1347 2902 1410 2926 idus
1431 2902 1511 2926 iunii.
1544 2901 1588 2927 Cf.
1609 2903 1696 2927 anche
1716 2903 1736 2926 il
1762 2902 1906 2925 Chromlmn
1932 2901 2100 2925 Cremonense

336 2933 346 2949 3
365 2936 446 2967 Negli
465 2937 581 2960 Annales
600 2938 781 2964 Fen-arienses
800 2939 886 2972 (edita
900 2941 934 2965 da
948 2941 1000 2966 Pu.
1014 2941 1100 2966 IAFFE:
1115 2943 1144 2966 in
1200 2943 1270 2973 (RR.
1291 2943 1326 2967 II.
1346 2944 1405 2973 SS.,
1426 2944 1497 2975 VH).
