2307 3592
64 858 100 888 10

63 1118 99 1151 15

59 1386 100 1416 20

59 1649 98 1681 25

58 1915 100 1946 30

59 2178 98 2211 35

59 2443 99 2473 40

79 2877 91 2902 5

125 263 176 296 [Α.
197 262 289 294 1259]
755 255 1066 291 CHRONICON
1094 255 1324 290 ESTENSE
1912 255 1960 290 39

211 385 409 426 Congruum
431 383 589 416 duximus
612 384 649 415 in
675 384 741 416 hoc
774 384 939 425 opuscolo
970 384 1095 416 nefarii
1126 383 1275 416 Ecellini
1305 383 1456 415 breviter
1488 383 1678 425 exprimere
1711 383 1901 425 qualitates,
1927 389 1964 414 ut

124 449 166 469 ex
186 437 315 480 ystorie
337 441 556 469 monumento
581 437 683 468 etiam
706 437 853 478 posteris
878 437 921 468 ad
957 436 1147 468 cavendam
1172 437 1326 468 dolosam
1350 436 1506 468 astutiam
1538 442 1759 479 tyrapnorum
1790 436 1964 467 munimen

125 496 158 521 et
180 488 367 521 subsidium
390 489 590 530 prebeatur3
615 500 693 521 nam
717 489 835 521 talium
860 489 1019 520 versucia
1043 494 1077 521 et
1101 489 1256 520 caliditas
1286 489 1487 520 detestanda
1514 489 1576 520 sub
1606 495 1764 530 pretextu
1787 488 1965 531 magnani-

124 541 251 573 mitatis
275 547 308 573 et
330 541 510 582 probitatis
533 542 568 572 in
592 542 735 573 exordio
759 551 818 573 sue
840 541 1030 584 tyrapnidis
1055 542 1256 584 frequenter
1279 540 1371 582 apud
1395 542 1536 573 miseros
1558 542 1704 582 populos
1729 541 1964 577 occultantur3

124 600 176 626 set
197 604 275 626 cum
299 594 453 635 potentie
479 595 614 626 culmen
638 594 765 626 fuerint
789 594 947 633 assecuti,
972 594 1053 626 elati
1075 600 1256 635 potestate,
1282 594 1445 625 malitiam
1470 594 1535 626 sibi
1563 594 1709 632 insitam,
1734 604 1834 636 quam
1858 593 1965 634 palia-

124 652 243 679 verant
266 656 329 688 pro
353 647 506 688 potentia
530 647 724 685 obtinenda,
748 646 929 690 affligendo
954 647 1108 679 subditos
1135 647 1365 679 manifestant.
1412 647 1515 678 Istum
1534 647 1637 688 quipe
1654 647 1792 678 modum
1810 645 1853 678 ad
1870 646 1965 677 deci-

122 700 286 741 piendum
308 700 451 732 miseros
474 700 628 732 homines
652 700 762 732 tenuit
784 700 946 743 magister
969 700 1137 731 scelerum
1162 699 1350 731 Ecellinus:
1376 701 1457 732 dum
1481 699 1571 730 enim
1595 700 1682 731 sicut
1706 699 1789 730 civis
1817 699 1853 729 in
1876 705 1965 730 statu

123 751 266 795 degeret
288 752 444 789 militari;
469 763 552 784 acer
567 753 706 795 quidem
724 758 795 785 erat
812 753 848 783 in
872 753 1004 789 hostes3
1030 763 1112 795 erga
1128 758 1242 784 tamen
1259 753 1387 784 amicos
1404 752 1488 784 lenis
1516 758 1549 784 et
1565 752 1752 784 tractabilis
1767 751 1963 787 videbatur;

122 803 159 834 in
181 802 355 845 promissis
379 812 515 845 quoque
538 803 616 834 satis
641 809 714 835 erat
736 803 857 841 fidelis,
882 803 917 834 in
940 802 1118 844 proposito
1143 802 1281 841 stabilis,
1305 803 1342 834 in
1359 803 1471 834 verbis
1494 809 1655 840 maturus,
1672 803 1707 833 in
1724 802 1869 834 consilio
1886 812 1965 843 pro-

123 856 221 888 vidus
245 861 279 886 et
302 856 336 886 in
360 855 515 887 omnibus
538 855 640 888 factis
663 856 732 887 suis
754 856 858 887 milex
881 855 1040 898 egregius
1065 856 1262 896 apparebat.
1310 855 1371 887 Set
1392 862 1572 897 postquam
1598 855 1755 886 Marchie
1779 855 1964 886 dominium

123 914 175 940 est
196 909 350 950 adeptus,
367 914 495 940 statura
511 909 676 949 corporis,
694 918 759 950 que
775 908 959 940 mediocris
974 908 1051 947 fuit,
1068 909 1189 940 eadem
1205 914 1438 949 permanente,
1462 914 1603 949 repente
1628 908 1663 938 in
1686 907 1796 939 virum
1820 907 1966 939 alterum

124 966 174 993 est
196 966 358 997 mutatus;
383 971 462 991 nam
483 961 519 991 in
542 960 633 992 facie
657 967 810 992 austerus
833 961 988 1002 protinus
1013 966 1063 992 est
1094 961 1249 992 effectus.
1296 960 1392 992 Talis
1416 971 1562 1003 namque
1586 959 1775 1001 apparebat
1797 960 1832 990 in
1860 960 1965 998 vultu,

123 1013 231 1056 qualis
248 1019 320 1045 erat
334 1013 369 1044 111
386 1019 479 1045 actu:
504 1013 540 1044 in
563 1013 666 1044 modo
690 1013 855 1055 loquendi
878 1012 1033 1051 teribilis,
1047 1013 1082 1044 in
1098 1013 1233 1045 incessu
1249 1013 1426 1054 superbus,
1443 1013 1516 1044 solo
1532 1013 1656 1044 intuitu
1680 1013 1835 1044 homines
1852 1012 1965 1044 deter-

122 1066 229 1098 rebat.
276 1065 332 1097 Ab
356 1077 469 1097 amore
494 1066 575 1097 satis
598 1065 760 1097 abstinuit
783 1066 978 1103 mulierum3
1004 1071 1055 1097 set
1079 1066 1169 1097 viros
1192 1066 1236 1097 ab
1259 1066 1420 1097 uxoribus
1445 1066 1625 1107 separabat
1649 1072 1682 1097 et
1707 1075 1765 1097 eos
1795 1076 1871 1097 cum
1889 1065 1966 1096 aliis

123 1119 166 1151 de
188 1119 282 1150 facto
307 1119 510 1150 contrahere
536 1118 775 1160 compellebat.
822 1119 990 1150 Latrones
1021 1118 1101 1150 odio
1133 1118 1253 1150 habuit
1286 1124 1319 1150 et
1349 1119 1519 1160 predones
1529 1131 1537 1156 3
1570 1124 1621 1150 set
1643 1118 1777 1149 illorum
1811 1118 1968 1160 suplebat

122 1172 280 1210 officium,
304 1182 423 1203 omnes
446 1171 687 1203 indifferenter
711 1171 892 1213 spoliando
916 1172 1044 1213 pariter
1067 1176 1101 1203 et
1128 1171 1326 1208 mactand03
1351 1171 1442 1203 unde
1467 1172 1686 1212 suspictiosus
1717 1171 1799 1209 fuit3
1832 1182 1964 1212 semper

123 1236 268 1268 namque
293 1225 328 1256 in
351 1225 555 1257 deteriorem
578 1231 710 1267 partem
734 1225 829 1256 facta
851 1225 908 1256 vel
931 1225 1037 1256 verba
1061 1225 1286 1257 indiferentia
1310 1224 1514 1265 exponebat.
1559 1224 1707 1256 Omnino
1732 1225 1795 1256 fuit
1819 1224 1966 1256 immise-

122 1278 244 1315 ricors3
277 1276 480 1310 crudelitate
512 1288 659 1321 namque
691 1277 865 1320 superavit
896 1278 1060 1310 seviciem
1092 1278 1240 1310 omnium
1272 1283 1505 1321 tyrapnorum.
1551 1277 1713 1309 Inimicus
1752 1284 1824 1310 erat
1858 1278 1966 1319 pacis,

124 1337 158 1363 et
181 1331 349 1363 bellorum
381 1331 532 1363 civilium
555 1331 692 1363 sedulus
715 1331 891 1363 excitator.
938 1330 1171 1363 Calidissimus
1195 1336 1335 1362 exactor
1364 1337 1438 1362 erat
1469 1331 1504 1362 in
1534 1331 1681 1372 pecunia
1713 1330 1966 1374 congreganda,

123 1385 237 1427 largus
260 1390 372 1416 autem
395 1395 572 1416 numorum
597 1385 722 1416 efuxor
745 1394 808 1426 pro
839 1383 1002 1416 militibus
1036 1384 1289 1426 congregandis
1317 1390 1351 1415 et
1381 1384 1536 1424 potentia
1559 1383 1745 1416 dilatanda.
1793 1383 1967 1425 Spoliator

122 1438 190 1469 fuit
213 1437 453 1475 ecclesiarum3
480 1437 683 1469 clericorum
714 1447 794 1469 vero
828 1443 861 1469 et
892 1436 1131 1479 religiosorum
1162 1436 1416 1469 crudelissimus
1448 1436 1662 1468 interfector.
1708 1436 1903 1468 Prelaturas
1935 1442 1967 1469 et

122 1490 315 1533 prebendas
339 1490 563 1522 ecclesiarum
587 1491 631 1522 ad
654 1490 788 1522 libitum
812 1501 918 1528 suum,
944 1490 1216 1533 quibuscumque
1240 1489 1388 1527 volebat,
1405 1500 1446 1521 ac
1463 1489 1492 1521 si
1508 1496 1596 1521 esset
1620 1500 1766 1520 summus
1790 1489 1964 1528 Pontifex,

123 1543 344 1580 conferebat3
370 1554 390 1574 a
413 1543 480 1575 fide
504 1553 652 1586 namque
676 1543 849 1575 catholica
871 1543 938 1575 fuit
968 1543 1105 1584 penitus
1137 1543 1278 1575 alienus.
1325 1542 1379 1574 Ob
1406 1543 1473 1574 hoc
1501 1542 1589 1574 sicut
1619 1543 1770 1584 perfidus
1793 1543 1966 1575 hereticus

123 1596 179 1629 ab'
203 1596 361 1629 Ecclesia
385 1602 436 1628 est
459 1597 638 1638 dapnatus.
686 1595 950 1639 Quinqueginta
972 1597 1047 1628 fere
1063 1596 1155 1628 milia
1178 1596 1353 1628 hominum
1369 1597 1442 1628 eius
1459 1595 1640 1628 occasione
1658 1606 1700 1627 ac
1714 1597 1818 1639 jussu,
1835 1596 1962 1638 gladio,

123 1650 215 1682 fame
247 1655 280 1682 et
308 1650 487 1682 tormentis
512 1649 747 1681 crudelissime
771 1649 964 1691 perierunt3
990 1648 1171 1692 quamdam
1204 1650 1293 1681 enim
1325 1649 1415 1681 sitim
1445 1655 1479 1681 et
1502 1649 1629 1680 famem
1661 1660 1696 1680 se
1721 1649 1792 1691 pati
1815 1648 1967 1691 putabat,

122 1702 186 1734 nisi
211 1712 333 1734 carnes
356 1702 482 1734 civium
505 1702 627 1734 laniari
660 1708 693 1734 et
724 1703 924 1745 sanguinem
955 1703 1139 1734 humanum
1167 1702 1301 1734 videret
1331 1701 1507 1743 profundi.
1554 1702 1645 1734 Inter
1677 1708 1793 1733 cetera
1824 1712 1885 1733 sua
1908 1712 1970 1733 ne-

123 1754 243 1788 fanda'
267 1755 436 1794 facinora,
461 1766 527 1798 que
551 1761 602 1787 tot
627 1761 661 1787 et
684 1761 777 1787 tanta
799 1756 949 1794 fuerunt,
967 1754 1060 1797 quod
1076 1754 1189 1787 adhuc
1207 1755 1362 1787 homines
1379 1765 1419 1786 ea
1434 1764 1496 1796 pro
1514 1754 1638 1786 fabulis
1654 1753 1871 1796 reputabant,
1888 1755 1966 1797 quia

122 1809 260 1841 modum
283 1808 430 1840 hominis
454 1809 623 1840 excedere
647 1808 860 1845 videbantur,
892 1809 959 1840 hoc
992 1808 1094 1840 etiam
1124 1807 1233 1840 voluit
1265 1818 1335 1840 non
1367 1808 1487 1840 deesse
1497 1820 1506 1845 3
1539 1818 1618 1839 nam
1641 1807 1713 1849 ipse
1745 1807 1831 1839 sicut
1862 1808 1968 1840 hostis

123 1866 243 1893 nature
266 1861 406 1893 humani
428 1861 566 1904 generis
588 1861 872 1904 propagationem
896 1861 1003 1893 voluit
1025 1860 1232 1904 prohybere,
1257 1859 1438 1892 castrando
1463 1860 1555 1892 viros
1577 1866 1740 1892 uxoratos
1768 1867 1802 1892 et
1818 1861 1968 1893 infantes

124 1914 224 1956 (proh
246 1914 389 1956 pudori)
420 1920 454 1946 et
485 1914 588 1946 etiam
619 1915 789 1946 mulieres.
836 1914 957 1946 Multis
988 1914 1090 1946 etiam
1121 1914 1262 1946 feminis
1294 1924 1393 1945 nasos
1425 1924 1502 1945 cum
1533 1913 1767 1955 superioribus
1797 1913 1903 1945 labris
1935 1919 1968 1945 et

122 1967 230 1999 ubera
251 1967 338 2000 fecit
362 1967 544 2000 crudeliter
567 1967 751 2009 amputari3
777 1967 1017 1999 nichilominus
1040 1972 1138 1999 natos
1169 1977 1285 1998 earum
1316 1967 1485 1999 laetantes
1515 1967 1663 2008 privavit
1690 1967 1816 1998 lumine
1848 1966 1966 1998 oculo-

122 2032 212 2058 rum;
237 2025 272 2052 et
294 2031 338 2052 ne
363 2020 438 2063 quis
462 2020 564 2059 dicat,
589 2021 700 2062 ipsum
725 2026 845 2053 contra
875 2020 1031 2052 inimicos
1063 2021 1300 2052 tantummodo
1330 2019 1414 2052 talia
1444 2026 1672 2061 perpetrasse,
1703 2019 1788 2051 sciat
1812 2019 1966 2062 quilibet,

124 2074 217 2116 quod
240 2085 424 2116 numquam
448 2073 627 2116 benignus,
652 2084 834 2116 numquam
858 2073 924 2105 fuit
946 2073 1091 2105 finaliter
1115 2073 1219 2105 alicui
1242 2079 1454 2110 mansuetus3
1480 2079 1531 2104 set
1556 2072 1720 2115 cogitatio
1745 2073 1817 2104 eius
1833 2084 1968 2114 semper

123 2128 217 2158 circa
239 2126 494 2158 internitionem
518 2126 692 2158 hominum
716 2126 914 2158 versabatur
943 2133 985 2165 et,
1018 2126 1163 2168 qualiter
1195 2137 1256 2158 eos
1287 2126 1462 2169 affligeret,
1495 2125 1622 2158 cotidie
1648 2125 1863 2167 disponebat.
1909 2126 1967 2158 Ad

123 2179 383 2212 amaritudinem
405 2190 552 2222 namque
576 2179 705 2211 animos
730 2179 905 2211 hominum
928 2178 1141 2221 perducebat
1165 2179 1404 2216 diversimode,
1429 2179 1484 2210 die
1507 2184 1679 2220 noctuque
1702 2179 1805 2211 variis
1830 2185 1864 2211 et
1891 2180 1967 2210 inu-

122 2231 237 2263 tilibus
260 2241 319 2263 eos
342 2231 518 2264 laboribus
547 2237 581 2264 et
612 2232 774 2263 inauditis
805 2232 954 2273 suplitiis
985 2232 1168 2274 affigendo.
1216 2232 1306 2263 Nam
1336 2231 1464 2273 palatia
1491 2231 1680 2272 pulcerima
1704 2237 1737 2263 et
1761 2231 1968 2273 amplissima

122 2283 187 2315 sibi
208 2284 283 2316 fieri
308 2294 386 2316 cum
409 2295 538 2316 summa
560 2285 723 2316 instantia
746 2284 910 2323 faciebat,
935 2285 1031 2327 quasi
1055 2294 1190 2326 semper
1221 2290 1312 2316 esset
1336 2284 1504 2321 victurus3
1530 2284 1563 2314 iu
1588 2284 1710 2326 quibus
1742 2290 1856 2316 tamen
1881 2295 1967 2315 nun-

123 2347 224 2379 quam
247 2337 355 2368 voluit
378 2337 553 2373 habitare;
579 2347 644 2369 nec
668 2348 737 2368 non
762 2344 872 2369 castra
905 2343 939 2368 et
962 2343 1071 2369 turres
1095 2338 1130 2368 in
1153 2337 1290 2369 summis
1313 2337 1484 2369 montibus
1508 2343 1543 2368 et
1573 2336 1767 2368 civitatibus
1792 2343 1969 2369 construe-

123 2389 189 2428 bat,
213 2400 252 2421 ac
276 2389 305 2421 si
328 2390 496 2429 crederet,
510 2400 546 2422 se
570 2390 611 2422 ab
635 2390 783 2422 inimicis
808 2388 935 2422 cotidie
960 2390 1122 2422 obsideri.
1170 2390 1245 2421 Hec
1270 2396 1380 2421 autem
1405 2389 1519 2421 onmia
1543 2389 1586 2420 ad
1605 2389 1891 2421 obstentationem
1908 2400 1966 2421 sue

122 2442 274 2484 potentie
300 2448 334 2474 et
358 2441 402 2474 ad
426 2448 591 2475 terrorem
616 2449 650 2474 et
672 2442 933 2474 admirationem
958 2443 1134 2474 hominum
1159 2442 1321 2481 faciebat,
1347 2449 1380 2474 et
1402 2449 1438 2474 ut
1454 2442 1581 2473 famam
1605 2442 1656 2474 sui
1676 2442 1824 2474 nominis
1840 2443 1888 2474 ita
1903 2442 1965 2473 im-

121 2495 283 2536 primeret
305 2495 340 2526 in
363 2495 533 2527 mentibus
556 2495 779 2538 singulorum,
803 2502 839 2527 ut
862 2506 936 2526 eam
959 2495 1052 2526 nulla
1075 2495 1205 2527 valeret
1228 2506 1412 2537 numquam
1437 2495 1566 2527 oblivio
1594 2494 1744 2526 abolere.

209 2548 296 2581 Cum
318 2555 396 2590 post
418 2549 551 2581 ruinam
574 2549 700 2590 perfidi
723 2549 872 2581 Ecellini
897 2555 1019 2580 cuncte
1044 2549 1209 2588 civitates,
1233 2559 1299 2591 que
1323 2549 1458 2580 fuerant
1482 2548 1552 2579 eius
1576 2548 1801 2580 dominationi
1822 2548 1965 2586 subdite,

123 2602 168 2634 ad
192 2602 413 2634 concordiam
438 2609 471 2634 et
494 2613 616 2644 pacem
638 2602 828 2640 rediissent,
851 2602 916 2634 soli
938 2602 1155 2646 Bryssienses
1178 2602 1212 2634 in
1244 2612 1304 2633 sua
1327 2601 1452 2634 duritia
1474 2607 1720 2640 remanserunt,
1748 2608 1882 2643 partem
1907 2613 1968 2633 ex-

212 2713 235 2730 1.
254 2705 430 2738 Congruum]
451 2707 523 2731 Cum
542 2713 698 2738 congruum
717 2706 741 2729 A
759 2718 770 2724 -
789 2707 818 2730 in
838 2706 892 2730 hoc
913 2704 1056 2738 opuscolo]
1082 2706 1136 2730 hoc
1163 2705 1324 2738 opusculum
1343 2705 1367 2728 A
1391 2718 1403 2723 -
1427 2704 1469 2736 ut]
1489 2706 1520 2729 at
1539 2705 1562 2728 A
1582 2718 1614 2722 —
1635 2711 1659 2728 2.
1679 2703 1816 2729 dolosiam
1835 2704 1858 2727 A
1878 2718 1889 2723 -
1908 2712 1968 2728 mu-

123 2747 256 2774 niminem
275 2748 298 2771 A
318 2760 350 2765 —
364 2755 419 2780 3-4.
432 2749 676 2780 magnaminitatis
695 2748 719 2771 A
740 2761 772 2765 ——-
792 2756 817 2779 4.
836 2748 866 2772 in
877 2749 968 2779 prima
981 2748 1012 2770 di
1023 2747 1138 2771 exordio
1158 2755 1205 2770 om.
1225 2747 1248 2770 A
1263 2761 1295 2764 —
1310 2746 1334 2771 6.
1350 2746 1531 2771 obtinendam
1550 2746 1574 2769 A
1593 2759 1625 2763 —-
1652 2746 1675 2771 8.
1699 2745 1780 2777 lenis]
1807 2746 1878 2770 levis
1890 2746 1914 2769 A
1934 2759 1966 2763 —-

127 2796 168 2814 11.
186 2789 303 2814 alterurn
328 2790 449 2821 togliamo
468 2791 543 2822 dagli
561 2791 641 2815 Amr.
660 2798 708 2815 om.
727 2790 786 2813 AB
805 2790 882 2814 MUR.
910 2803 942 2806 —
964 2796 1005 2820 13.
1033 2788 1178 2819 terribilis]
1207 2789 1335 2812 rascln'ato
1354 2789 1390 2812 l's
1413 2788 1499 2820 finale
1529 2789 1558 2811 in
1576 2788 1600 2811 A
1619 2801 1652 2805 -
1682 2794 1770 2819 13-14.
1797 2787 1966 2818 deterrebat]

124 2831 286 2855 detrahebat
303 2831 345 2858 A,·
364 2839 425 2855 erra
443 2832 642 2855 evidentements
666 2832 690 2854 il
714 2831 792 2856 Mun.
810 2832 980 2862 stampando:
995 2831 1155 2855 deterrebat
1179 2830 1214 2854 ab
1240 2838 1343 2855 amore.
1380 2830 1454 2854 Satis
1473 2830 1610 2854 abstinuit
1635 2829 1670 2853 ab
1694 2836 1790 2853 amore
1809 2843 1842 2846 —
1866 2829 1906 2853 16.
1926 2829 1970 2852 of-

122 2871 213 2896 ficium
232 2879 331 2897 omnes
350 2874 426 2898 Mun.
447 2874 523 2904 dagli
540 2875 618 2898 Amr.
644 2874 749 2898 ostium
769 2874 896 2897 omnium
915 2873 938 2896 A
957 2886 990 2890 —
1016 2872 1058 2896 26.
1079 2871 1196 2904 videret]
1217 2872 1330 2896 videtur
1348 2872 1371 2894 A
1392 2884 1404 2890 -
1422 2873 1527 2895 ceteras
1546 2878 1611 2895 suas
1629 2872 1653 2894 A
1673 2885 1705 2889 —
1726 2877 1767 2903 29.
1786 2872 1968 2903 propagatio-

125 2921 187 2938 nem
204 2916 292 2938 scritto
315 2916 539 2945 posteriormentc,
566 2919 642 2946 sopra
670 2924 722 2939 uno
750 2915 833 2946 spazz'o
854 2915 958 2938 lasciato
977 2915 1007 2937 z'n
1026 2915 1126 2942 bianco,
1152 2915 1181 2937 in
1206 2914 1230 2937 A
1257 2914 1326 2937 dallo
1350 2916 1425 2937 stesso
1451 2914 1547 2944 copista
1568 2927 1598 2929 —
1626 2920 1668 2944 30.
1694 2913 1765 2945 proh
1783 2912 1886 2945 pudor]
1915 2920 1966 2944 pro

124 2955 228 2987 pudore
246 2957 269 2979 A
290 2971 322 2974 —-
344 2963 434 2988 33-34.
453 2964 561 2990 semper
579 2958 653 2981 circa
672 2958 750 2982 Mun.
770 2957 847 2988 dagli
863 2957 962 2986 ANN.;
983 2964 1030 2980 om.
1050 2956 1073 2979 A
1094 2970 1126 2973 —
1146 2963 1187 2988 34.
1208 2954 1266 2987 Ad]
1286 2957 1316 2979 at
1342 2956 1365 2979 A
1386 2969 1419 2973 -
1438 2955 1481 2986 36.
1500 2953 1583 2986 Nam]
1611 2956 1695 2979 etlam
1714 2955 1798 2979 Mus..
1822 2967 1854 2971 —
1873 2961 1965 2986 40-41.

125 2997 302 3029 imprimetur
320 2999 343 3021 A
366 3013 396 3015 —
418 3006 458 3031 4¹·
479 2999 582 3023 nullam
601 2999 625 3022 A
646 3011 656 3016 -
676 3005 799 3030 unquam
822 2999 900 3023 MUR.

2039 1606 2114 1629 Mun..
2130 1606 2170 1626 332·

2042 1770 2130 1789 ‘345²'
