2307 3592
88 820 126 850 10

88 1084 124 1116 15

82 1351 125 1382 20

83 1615 124 1648 25

79 1883 121 1914 30

80 2147 121 2179 35

81 2413 121 2443 40

153 218 204 253 [Α.
225 220 318 254 1305]
787 214 1098 251 CHRONICON
1126 214 1356 250 ESTENSE
1947 214 1992 248 61

152 344 329 383 siensibus,
355 345 553 377 ordinantes
569 344 726 386 accipere
744 343 902 376 civitates
915 344 1053 376 Mutine
1070 351 1103 376 et
1126 345 1232 388 Regii
1263 345 1402 377 domino
1429 345 1642 383 Marchioni3
1667 352 1702 378 et
1725 346 1874 387 quadam
1898 349 2000 376 nocte

152 397 380 429 determinata
403 397 494 429 inter
519 407 577 429 eos
601 407 718 428 omnes
750 397 1004 438 equitaverunt,
1027 397 1160 428 scilicet
1189 397 1348 428 dominus
1381 397 1570 430 Ghibertus
1603 399 1645 430 de
1669 398 1810 440 Corigia
1834 397 1930 439 prius
1954 396 1999 427 ad

152 449 328 481 civitatem
351 449 470 491 Regii,
494 449 573 491 quia
594 449 642 481 ibi
659 455 842 481 tractatum
866 448 1008 481 tenebat
1033 459 1110 480 cum
1135 450 1275 481 domino
1298 451 1419 482 Tadeo
1445 451 1487 482 de
1516 450 1710 484 Manfredis
1734 457 1768 482 et
1790 450 1903 482 multis
1926 449 2000 481 aliis

152 502 244 534 dicte
268 502 431 539 civitatis;
457 508 492 534 et
514 502 563 534 ibi
589 513 666 534 cum
690 513 815 545 magna
838 502 1028 545 quantitate
1061 503 1213 545 gentium
1239 510 1273 535 et
1296 504 1330 535 in
1355 504 1456 546 copia
1480 504 1628 536 maxima
1655 504 1823 535 scalarum
1854 509 1889 535 et
1915 503 2001 534 alio-

152 566 237 594 rum,
262 565 329 597 que
353 562 430 587 sunt
453 565 596 587 necesse
622 556 667 587 ad
688 555 773 587 talia
797 555 980 596 capienda,
1004 555 1114 586 scalas
1136 555 1374 596 imposuerunt
1397 557 1443 588 ad
1474 568 1607 588 murum
1639 556 1801 593 civitatis3
1827 555 1885 587 alii
1908 566 2000 586 rum-

151 607 281 649 pebant
303 618 435 645 muros3
461 608 518 639 alii
543 618 606 649 per
629 608 758 650 gradus
782 608 952 639 scalarum
983 607 1220 640 ascendebant
1251 619 1352 650 super
1383 620 1508 641 muros·
1554 610 1724 642 Custodes
1748 609 1899 640 civitatis
1923 618 2000 639 sen-

152 660 277 692 tientes
300 661 379 699 hoc,
398 661 443 693 ad
466 671 561 692 arma
584 666 755 698 curentes,
772 670 850 692 cum
876 670 994 692 eorum
1019 660 1200 702 capitaneo
1224 661 1362 693 domino
1379 661 1541 694 Cortexia
1564 663 1607 695 de
1632 662 1842 701 Cavalcabo,
1867 661 1927 704 qui
1952 660 1997 692 ibi

151 714 319 746 existebat
333 725 396 756 pro
421 714 562 746 domino
585 714 797 751 Marchione‚
814 719 849 745 et
864 720 1039 755 tamquam
1063 715 1116 745 vir
1139 714 1277 755 probus,
1301 715 1437 756 sapiens
1461 722 1495 747 et
1525 716 1642 755 virilis,
1660 716 1819 748 celeriter
1843 715 1907 746 ivit
1923 725 2001 746 cum

151 767 219 798 suis
242 767 287 798 ad
304 767 427 806 locum,
453 766 511 798 ubi
534 767 664 798 inimici
688 767 904 798 conabantur
919 767 1049 798 intrare
1067 767 1259 804 civitatem;
1279 774 1313 800 et
1328 769 1398 812 jam
1422 769 1535 801 taliter
1551 781 1684 801 murum
1701 770 1890 812 fregerant,
1908 768 2002 810 quod

150 819 246 851 ibant
268 825 302 851 et
317 819 478 852 redibant
501 820 593 851 intus
616 826 650 851 et
674 825 780 851 extra.
828 820 873 851 Et
895 820 943 851 ibi
959 820 1142 858 accedens,
1167 820 1323 852 dominus
1354 821 1518 853 Cortexia
1547 832 1625 854 cum
1648 822 1832 854 balisteriis
1858 822 2001 853 [annen-

149 873 247 905 sibus‘
264 873 404 905 viriliter
427 873 598 914 percussit
629 873 785 905 inimicos
816 874 866 905 sic
889 880 922 905 et
946 874 1073 912 taliter,
1098 874 1191 915 quod
1217 874 1329 906 coacti
1359 880 1436 906 sunt
1461 881 1556 907 extra
1582 875 1756 907 civitatem
1780 875 1943 911 retroire3
1969 880 2003 906 et

151 926 352 958 clauxerunt
374 937 508 957 murum
533 927 697 963 fractum;
723 931 758 958 et
786 926 934 958 viriliter
964 926 1189 958 obtinuerunt
1212 933 1246 959 et
1271 928 1504 960 defenderunt
1529 929 1658 961 dictam
1683 929 1858 961 civitatem
1883 934 2002 960 contra

150 979 384 1020 volunptatem
402 980 532 1011 domini
557 979 728 1012 Ghiberti.
775 980 820 1012 Et
842 979 890 1011 ibi
914 980 1008 1012 stetit
1023 987 1119 1012 extra
1137 981 1311 1012 civitatem
1327 990 1435 1024 usque
1452 980 1497 1012 ad
1513 982 1633 1013 horam
1649 991 1774 1013 nonam
1784 994 1793 1018 3
1810 986 1932 1022 postea
1946 992 2001 1012 re-

149 1032 251 1064 cessit
267 1037 301 1064 et
315 1033 400 1064 fecit
416 1033 532 1064 fulciri
548 1033 666 1064 turrim
682 1032 836 1075 episcopi
851 1034 861 1051 ¹
885 1043 948 1074 pro
965 1043 1022 1070 se3
1047 1038 1168 1074 postea
1182 1033 1247 1065 ivit
1262 1034 1308 1065 ad
1325 1040 1474 1065 castrum
1499 1034 1638 1066 Curiaci
1653 1034 1674 1071 ²,
1692 1040 1727 1066 et
1750 1034 1797 1066 ibi
1820 1034 1914 1066 stetit
1936 1044 1999 1075 per

149 1085 265 1126 plures
290 1085 364 1117 dies
386 1097 455 1117 una
478 1096 557 1117 cum
581 1086 722 1118 domino
746 1086 869 1118 Tadeo
893 1087 1062 1128 predicto,
1087 1086 1147 1128 qui
1171 1087 1311 1130 fugerat
1335 1087 1378 1119 de
1412 1087 1550 1119 civitate
1574 1088 1680 1131 Regii
1704 1093 1847 1130 propter
1871 1087 2002 1118 dictum

149 1143 332 1170 tractatum
357 1145 477 1171 contra
493 1139 668 1170 dominum
691 1139 940 1177 Marchionem,
966 1139 1025 1182 qui
1048 1150 1127 1171 eum
1150 1140 1285 1172 fecerat
1307 1140 1460 1172 militem.

237 1191 370 1223 Eodem
394 1192 449 1223 die
472 1191 526 1224 vel
559 1198 671 1231 nocte,
694 1192 930 1224 Bononienses
954 1192 1194 1235 equitaverunt
1219 1194 1265 1225 ad
1295 1200 1435 1235 pontem
1468 1194 1578 1225 sancti
1609 1193 1802 1226 Ambroxii.
1851 1193 2001 1231 Quidam

149 1244 298 1286 perfidus
315 1245 527 1287 capitaneus,
544 1245 604 1287 qui
616 1246 807 1278 vocabatur
823 1246 977 1277 Iulianus
994 1246 1038 1277 de
1055 1246 1241 1278 Costabilis
1265 1247 1308 1279 de
1333 1247 1502 1286 Ferraria,
1521 1247 1620 1279 dedit
1643 1247 1757 1279 statim
1781 1248 1830 1279 eis
1852 1252 2001 1289 pontem,

149 1303 184 1329 et
206 1298 338 1339 recepit
362 1298 404 1330 ab
429 1298 479 1330 eis
501 1302 538 1329 vc
560 1299 709 1331 florenos
740 1299 832 1336 auri3
856 1305 892 1331 et
922 1304 1004 1331 tunc
1036 1306 1253 1332 transeuntes
1283 1306 1437 1342 pontem,
1461 1301 1598 1332 iverunt
1628 1311 1737 1343 usque
1770 1301 1946 1333 civitatem
1970 1306 2005 1332 et

149 1350 242 1383 circa
263 1351 384 1383 foveas
414 1351 552 1383 iverunt
576 1352 621 1384 ad
651 1357 787 1394 portam
818 1352 986 1384 Albareti.
1035 1353 1090 1384 Illi
1122 1354 1318 1393 traditores,
1350 1354 1408 1397 qui
1431 1364 1494 1396 pro
1525 1354 1800 1386 Bononiensibus
1831 1353 2004 1386 debebant

148 1404 299 1446 incipere
322 1414 496 1436 rumorem
518 1405 554 1436 in
579 1405 672 1437 dicta
696 1405 844 1444 civitate,
868 1406 1003 1438 scilicet
1034 1406 1192 1438 dominus
1215 1407 1404 1439 Rainerius
1435 1408 1478 1439 de
1503 1407 1717 1450 Savignano'
1742 1418 1820 1440 cum
1852 1407 1927 1439 aliis
1958 1407 2002 1439 de

149 1457 252 1489 domo
283 1468 353 1495 sua,
386 1457 457 1489 ser'
481 1456 633 1490 Aczetus
664 1459 707 1491 de
741 1459 774 1490 la
796 1457 918 1491 Lana3
950 1466 984 1491 et
1013 1459 1072 1491 alii
1103 1460 1306 1502 inceperunt
1341 1471 1514 1492 rumorem
1546 1471 1624 1492 cum
1655 1461 1890 1502 stipendiariis
1915 1460 1998 1492 dicti

149 1509 280 1542 domini
305 1510 530 1549 Marchionis,
563 1511 738 1543 dicentes:
772 1511 871 1543 Vivat
904 1512 1052 1554 populus
1082 1517 1116 1543 et
1144 1513 1312 1544 moriatur
1342 1514 1405 1545 iste
1436 1514 1605 1546 Marchio.
1653 1514 1786 1546 Tamen
1818 1514 1906 1547 dicti
1942 1513 2003 1545 sti-

147 1563 318 1606 pendiarii
352 1574 428 1595 cum
462 1564 648 1606 capitaneo
680 1571 715 1596 et
746 1565 942 1606 potestate⁴
974 1565 1104 1597 domini
1140 1564 1358 1598 Marchionis
1390 1572 1425 1598 et
1455 1566 1662 1599 vicecomite
1693 1567 1843 1599 viriliter
1864 1566 2002 1609 preliati

149 1623 228 1648 sunt
259 1628 337 1649 cum
368 1616 514 1648 inimicis
536 1617 774 1655 traditoribus,
798 1617 913 1649 taliter
949 1618 1043 1661 quod
1077 1618 1201 1649 multos
1232 1628 1275 1649 ex
1308 1619 1358 1650 eis
1391 1620 1606 1657 occiderunt,
1638 1620 1714 1651 aliis
1749 1620 1860 1662 captis
1888 1626 1922 1651 et
1953 1619 2002 1650 sic

148 1669 372 1702 obtinuerunt
388 1670 513 1702 dictam
531 1670 707 1702 civitatem
724 1671 767 1702 ad
780 1671 947 1703 honorem
965 1671 1094 1703 domini
1109 1671 1338 1704 Mar-chionis.
1356 1672 1401 1704 Et
1412 1672 1612 1705 immediate
1626 1673 1828 1706 direxerunt
1839 1672 2002 1704 nuncium

146 1723 341 1756 Ferrariam
365 1723 504 1754 domino
528 1722 726 1755 Marchioni
750 1730 785 1755 et
813 1723 927 1755 omnia
958 1724 989 1755 ei
1016 1730 1237 1756 naraverunt.
1285 1725 1455 1757 Omnibus
1479 1726 1629 1758 enotatis
1651 1736 1716 1768 per
1739 1726 1870 1758 dictum
1894 1724 2006 1757 domi-

147 1786 227 1807 num
250 1775 498 1815 Marchionem‚
523 1776 751 1808 incontinenti
773 1783 949 1818 tamquam
974 1777 1028 1808 leo
1056 1776 1229 1818 inpatiens
1260 1783 1295 1809 et
1318 1788 1388 1810 non
1411 1778 1562 1816 timidus,
1587 1779 1696 1811 movit
1719 1790 1754 1810 se
1779 1789 1858 1811 cum
1880 1777 2004 1820 paucis

146 1829 214 1861 suis
237 1828 398 1861 militibus
422 1835 457 1861 et
480 1830 541 1861 ivit
570 1839 690 1861 versus
713 1829 894 1869 Mutinam,
919 1835 954 1861 et
984 1830 1018 1860 in
1053 1830 1164 1871 primo
1192 1840 1302 1872 sopno
1335 1830 1476 1872 aplicuit
1506 1837 1652 1872 pontem
1683 1831 1867 1875 Longum⁵
1898 1842 2002 1873 super

145 1882 300 1920 Situlam,
324 1882 486 1925 ignorans
513 1889 638 1915 statum
669 1893 729 1914 sue
763 1882 912 1914 civitatis
945 1888 980 1914 et
1002 1882 1143 1914 insidias
1174 1882 1414 1921 inimicorum3
1440 1890 1475 1915 et
1505 1883 1556 1915 ibi
1583 1896 1660 1916 cum
1691 1895 1770 1917 Lxu
1796 1887 1838 1917 de
1864 1885 1944 1923 suis,
1969 1890 2004 1916 et

145 1946 214 1967 non
238 1935 406 1977 pluribus,
429 1946 466 1967 se
490 1936 637 1967 firmavit
662 1947 739 1968 cum
764 1935 922 1972 audatia3
947 1941 1067 1977 postea
1091 1935 1151 1967 ivit
1182 1946 1299 1967 versus
1323 1936 1506 1974 Mutinam,
1532 1938 1737 1970 confortans
1761 1939 1890 1971 cotidie
1913 1938 2002 1969 mili-

146 1994 198 2020 tes
222 1998 311 2026 suos,
335 1988 479 2021 dicens:
511 1987 553 2020 Si
580 1989 679 2020 hodie
709 1993 758 2020 est
787 1989 849 2020 illa
879 1989 958 2029 dies,
983 1989 1018 2019 in
1050 1999 1116 2031 qua
1143 1989 1264 2031 perire
1295 1993 1402 2021 morte
1426 1990 1604 2022 debeamus
1633 1994 1700 2033 pro
1723 1992 1850 2023 honore
1879 1996 2001 2032 nostro,

146 2041 202 2073 vel
222 2043 365 2073 evadere
388 2042 487 2073 inlesi
506 2053 580 2073 cum
603 2043 737 2083 honore,
769 2042 920 2074 viriliter
950 2043 1154 2083 accedamus,
1187 2047 1224 2073 ut
1253 2046 1388 2085 semper
1419 2044 1461 2074 de
1484 2044 1577 2075 nobis
1609 2046 1772 2077 memoria
1784 2047 1864 2088 fiat.
1918 2046 2002 2078 Vero

145 2095 178 2126 si
194 2098 369 2138 possumus
391 2095 563 2127 fllutinam
586 2097 729 2137 intrare,
753 2097 786 2126 si
805 2096 855 2127 ibi
875 2100 959 2127 esset
983 2096 1032 2127 bis
1054 2101 1104 2127 lot
1125 2101 1248 2138 gentes
1269 2097 1430 2136 Bonom'e,
1457 2096 1493 2127 in
1516 2098 1672 2141 csz‘lz'ctu
1697 2103 1731 2130 et
1753 2104 1861 2130 morte
1891 2109 2001 2130 omnes

146 2148 328 2180 mictemus.
375 2148 420 2180 Et
443 2148 471 2180 si
495 2159 560 2192 ego
584 2150 731 2190 scriptor
755 2149 838 2180 talia
862 2149 988 2188 scribo,
1012 2159 1081 2180 non
1104 2150 1237 2188 mirum,
1262 2150 1342 2191 quia
1369 2150 1419 2181 fui
1443 2160 1587 2192 presens
1611 2151 1778 2184 omnibus.
1824 2153 1869 2184 Et
1891 2152 2003 2195 gratia

145 2201 210 2232 Dei
233 2201 449 2233 concedente
473 2202 615 2234 intravit
647 2202 818 2234 civitatem
850 2203 987 2234 Mutine
1020 2209 1055 2233 et
1089 2203 1260 2234 accedens
1291 2203 1454 2244 plateam,
1487 2202 1621 2235 invenit
1652 2204 1894 2246 stipendiarios
1926 2215 2003 2236 suos

148 2254 282 2285 clausos
305 2253 432 2285 sbarris
465 2255 558 2286 circa
580 2260 686 2286 totam
710 2255 876 2296 plateam3
903 2260 937 2286 et
972 2266 1051 2297 pars
1075 2265 1194 2286 eorum
1218 2255 1355 2286 stabant
1379 2255 1424 2286 ad
1448 2256 1643 2288 custodiam
1666 2257 1801 2298 platee3
1827 2258 1894 2290 alia
1918 2269 2000 2290 vero

143 2317 223 2348 pars
246 2306 317 2339 ibat
339 2317 402 2348 per
425 2307 612 2339 civitatem.
644 2308 882 2339 Bononienses
911 2318 993 2339 vero
1025 2308 1202 2340 audientes
1230 2308 1274 2339 de
1306 2308 1459 2339 adventu
1484 2309 1616 2340 domini
1639 2310 1865 2350 Marchionis‚
1889 2322 2003 2343 reces-

145 2365 263 2391 serunt
286 2358 329 2391 de
357 2359 476 2402 burgis
506 2360 640 2392 Mutine
671 2366 707 2392 et
737 2360 872 2392 iverunt
907 2359 1099 2392 Bononiam
1132 2367 1165 2392 et
1197 2360 1459 2392 comburserunt
1489 2367 1632 2402 pontem
1664 2363 1775 2395 sancti
1809 2364 2001 2396 Ambroxii.

144 2412 246 2444 Tunc
271 2413 428 2444 dominus
452 2413 611 2445 Marchio
642 2413 728 2445 fecit
760 2413 906 2445 detineri
942 2419 977 2445 et
1008 2414 1087 2455 capi
1111 2423 1188 2445 xvir
1220 2413 1379 2445 homines
1412 2414 1456 2445 de
1487 2413 1590 2446 domo
1623 2415 1810 2458 Savignani
1843 2423 1877 2449 et
1907 2417 2000 2459 ipsos

145 2465 235 2497 misit
256 2471 292 2497 et
315 2466 489 2498 carcerari
513 2466 598 2498 fecit
628 2467 784 2498 Ferrarie
809 2467 844 2497 in
876 2467 997 2499 Castro
1029 2467 1157 2498 tealdo.
1196 2466 1389 2505 Mantuani,
1418 2466 1651 2506 Veronenses,
1676 2467 1882 2502 Brissienses
1905 2472 2001 2513 equi-

237 2631 259 2649 1.
279 2624 421 2657 civitates]
441 2626 511 2649 civit
534 2626 577 2652 A:
594 2626 743 2650 civitatem
762 2625 840 2650 Mra.
862 2638 871 2642 -
891 2626 921 2649 et
938 2625 1020 2656 Regii
1039 2627 1067 2648 ιἰι
1086 2626 1110 2649 Α
1130 2626 1227 2657 legg‘csi
1243 2627 1306 2657 dopo
1326 2626 1484 2651 Marchioni
1504 2641 1536 2645 —
1557 2633 1580 2658 5.
1600 2628 1636 2652 ad
1657 2636 1705 2652 om.
1724 2628 1748 2651 A
1769 2641 1799 2646 —
1821 2628 1846 2653 6.
1867 2631 1998 2655 ascende-

146 2667 194 2690 bat
212 2666 236 2690 A
249 2680 282 2684 -—
298 2667 338 2691 18.
357 2666 488 2692 Costabis
506 2667 530 2690 Α
551 2680 584 2684 -
604 2673 646 2691 22.
666 2667 721 2699 ser]
735 2669 776 2692 set
793 2668 834 2693 A;
854 2669 882 2691 et
894 2674 938 2691 ser
957 2668 1035 2691 Mun.
1055 2680 1065 2685 -
1084 2668 1112 2691 et
1131 2668 1182 2691 alii.
1201 2669 1230 2691 in
1249 2669 1370 2699 margine
1383 2668 1452 2691 della
1468 2672 1547 2692 stessa
1561 2677 1655 2692 mano:
1670 2678 1716 2693 om.
1733 2671 1811 2695 Mun.
1825 2683 1857 2687 —
1872 2677 1914 2703 25.
1928 2673 1999 2697 alios

146 2708 243 2739 captos
255 2708 279 2732 A
293 2721 326 2726 ·—
341 2713 383 2739 27.
397 2707 532 2740 enotatis]
547 2709 656 2733 notatis
669 2709 746 2734 MUR.
761 2722 794 2726 -
809 2715 850 2739 31.
865 2708 906 2740 se]
921 2709 961 2733 sic
980 2709 1056 2734 Mun.
1073 2723 1105 2727 —
1119 2715 1161 2740 34.
1181 2710 1294 2734 Mutina
1312 2710 1336 2733 A
1351 2723 1384 2728 -
1399 2717 1441 2741 41.
1457 2711 1549 2741 pri-ma
1568 2711 1599 2734 di
1612 2712 1781 2736 Brissienses
1800 2713 1879 2738 Mun.
1892 2721 1952 2746 agg.
1973 2717 2000 2739 et

232 2795 239 2811 ¹
259 2796 292 2821 In
311 2797 379 2822 villa
398 2796 473 2821 Cella
492 2805 586 2830 presso
609 2799 728 2830 Reggio.
1184 2796 1194 2812 ⁴
1212 2798 1383 2822 Pantaleone
1396 2798 1438 2822 de’
1452 2798 1634 2822 Buzzacarini
1654 2800 1690 2823 da
1707 2800 1831 2824 Padova.
1870 2801 1915 2826 Cf.
1934 2802 1995 2826 Cro·

232 2837 243 2853 ²
262 2839 404 2871 Cavriago
422 2847 439 2863 a
457 2847 474 2871 9
493 2840 543 2864 kil.
563 2840 597 2864 O.
617 2840 653 2864 da
673 2833 793 2871 Re‘ggio.

231 2878 242 2895 3
261 2882 358 2910 Aeeta,
377 2883 515 2906 mercante
535 2881 563 2906 di
577 2883 648 2911 iana,
662 2882 693 2906 fu
707 2882 802 2906 ucciso
823 2888 918 2914 presso
938 2882 957 2906 il
976 2889 1040 2907 can-
1183 2880 1194 2896 5
1214 2882 1290 2905 Pons
1310 2882 1343 2905 de
1362 2883 1531 2913 Aqualonga
1545 2889 1561 2905 ο
1575 2882 1651 2906 Pons
1664 2883 1774 2908 Bassus.
1806 2884 1852 2909 Cf.
1868 2885 1996 2909 Tnusso-

143 2923 209 2946 tone
228 2923 298 2946 della
316 2923 469 2953 pescheria.
505 2924 545 2947 La
564 2931 615 2948 sua
627 2924 743 2955 bottega
757 2931 848 2948 venne
862 2923 1039 2955 saccheggia-
1095 2929 1168 2953 scm,
1187 2924 1342 2946 Dizz'onarz‘o
1361 2923 1623 2955 topogrqfico-storico
1643 2924 1716 2955 degli
1735 2927 1800 2947 stati
1823 2925 1939 2953 Emensis,
1959 2927 1993 2956 II,

142 2964 180 2988 ta.
216 2963 262 2989 Cf.
285 2964 415 2988 Cronaclte
437 2965 545 2988 Tassom'
561 2973 574 2988 e
591 2965 713 2993 Murano,
733 2966 792 2995 cit.²
811 2973 839 2996 p.
860 2965 902 2997 83.
1095 2972 1122 2996 p.
1143 2971 1202 2996 213,
1223 2964 1352 2994 Modena,
1374 2965 1450 2996 1825.

1096 2840 1175 2862 nacke:
1198 2841 1315 2867 Tassarzi,
1335 2841 1464 2867 Bazaano,
1484 2841 1604 2869 Memno,
1625 2841 1673 2864 cit.

2026 2855 2058 2871 1‘)

2080 1423 2099 1437 C.
2114 1423 2168 1440 ⁴59¹1!

2077 1470 2154 1493 Mun„

2169 1470 2210 1489 553
