2307 3592
102 825 139 854 10

102 1173 138 1205 15

99 1443 141 1472 20

99 1972 140 2002 30

124 2570 137 2596 5

111 2815 142 2832 10

164 226 247 260 [AA.
269 229 464 262 1303-1304]
795 224 1107 259 CHRONICON
1135 223 1365 259 ESTENSE
1958 223 2004 258 59

247 354 313 386 Die
342 353 428 385 iovis
452 362 563 384 xxnn
589 352 662 384 iulii
686 352 720 383 in
745 352 834 384 festo
859 352 970 384 sancti
1005 352 1129 395 Jacobi
1146 353 1166 392 ²,
1191 354 1322 384 electus
1353 353 1420 384 fuit
1452 364 1515 393 per
1548 363 1666 385 omnes
1699 354 1790 385 cives
1821 353 1944 385 Parme
1978 361 2011 386 et

167 408 386 441 confirmatus
411 406 570 438 dominus
595 406 781 438 Ghibertus
806 406 849 438 de
874 405 1017 449 Corigia
1041 405 1075 437 in
1102 402 1220 437 eorum
1254 406 1484 444 defensorem,
1510 412 1543 438 et
1566 406 1630 437 sibi
1655 406 1914 449 assignaverunt
1946 417 2009 448 pro

165 469 226 491 suo
251 458 377 489 salario
401 456 507 488 libras
530 467 585 487 MM
616 456 843 498 imperialium
876 466 939 497 pro
964 467 1071 493 annog
1097 462 1130 487 et
1155 457 1293 487 insimul
1325 457 1486 488 fecerunt
1511 457 1624 498 plures
1655 457 1859 498 parentelas.
1905 457 2009 489 Tunc

163 509 323 541 dominus
348 508 535 540 Ghibertus
551 506 694 539 tradidit
710 507 892 548 quamdam
917 517 1011 537 suam
1028 507 1131 537 tiliam
1150 506 1295 537 Iohanni
1322 505 1463 543 Quilico
1490 507 1532 538 de
1558 507 1685 538 Sancto
1703 507 1808 538 Vitali
1833 507 2007 549 quondam

163 561 294 594 domini
319 560 459 592 Tedicii
483 560 519 591 in
543 569 695 597 uxorem,
720 569 785 601 que
809 559 999 591 vocabatur
1023 559 1162 590 domina
1184 558 1337 590 Antonia
1363 565 1428 590 etc.

253 614 387 646 Eodem
403 612 596 651 millesimo,
613 612 657 644 de
675 621 791 643 mense
807 611 1014 642 novembris.
1049 611 1146 652 Papa
1162 610 1366 642 Bonefatius
1383 611 1466 643 obiit
1480 612 1490 628 ²
1508 622 1576 643 non
1593 613 1684 644 bono
1702 613 1816 650 modo,
1833 618 1886 645 set
1898 613 2011 645 rabio-

164 677 220 698 sus
244 672 278 698 et
301 666 503 707 desperatus
528 665 571 696 de
595 665 681 702 Deo,
698 669 841 705 propter
856 664 957 706 signa
974 673 1041 705 que
1059 664 1291 701 demostravit,
1317 664 1397 705 quia
1421 665 1507 696 Sara
1524 665 1567 696 de
1584 665 1617 696 la
1635 664 1829 707 Columpna
1851 675 2011 697 romanus

163 719 231 751 hoe
243 719 330 750 fecit
343 719 387 749 ad
404 717 578 749 istantiam
596 716 689 759 regis
706 717 929 753 Francorum,
943 726 984 747 ac
1002 716 1105 747 etiam
1121 725 1184 757 per
1200 727 1293 747 suam
1312 716 1500 748 vindictam
1518 717 1727 756 faciendam,
1745 718 1824 760 quia
1840 719 1904 750 iste
1921 729 2012 760 papa

163 772 347 814 fugaverat
371 781 449 802 eum
466 780 530 812 per
545 774 655 801 totum
672 769 846 801 mundum.
886 769 1119 800 Incontinenti
1144 779 1192 800 xv
1217 769 1274 800 die
1307 770 1506 801 novembris
1522 770 1672 811 predicti
1689 771 1818 803 electus
1842 776 1893 802 est
1917 781 2008 812 papa

164 824 371 856 Benedictus
385 823 406 862 ³,
424 824 481 866 qui
497 822 593 864 prius
609 822 798 854 vocabatur
816 822 924 853 frater
941 821 1128 853 Niccolaus
1145 822 1188 853 de
1204 822 1358 853 Trivixio
1376 823 1419 854 de
1437 823 1559 854 ordine
1576 823 1718 854 fratrum
1736 823 2009 856 Predicatorum.

980 935 1164 969 Mcccm
1166 937 1196 979 J.

252 1017 405 1048 Maxima
428 1017 602 1049 discordia
619 1017 684 1049 fuit
700 1017 788 1048 inter
804 1016 979 1048 dominum
996 1015 1177 1048 Albertum
1203 1017 1359 1049 Scottum
1384 1023 1418 1049 et
1443 1018 1605 1050 comitem
1622 1019 1855 1062 Phylypinum
1880 1020 1922 1051 de
1948 1020 2013 1051 Pa-

163 1069 233 1110 pia,
257 1069 306 1101 ita
330 1070 424 1112 quod
448 1069 648 1111 Papienses‚
673 1069 967 1107 Mediolanenses,
992 1069 1223 1106 Novarenses,
1252 1069 1502 1112 Vercellenses,
1536 1071 1779 1110 Cumanenses,
1804 1072 2014 1115 Pergamen-

164 1132 228 1160 seS,
252 1122 511 1160 Laudanenses‚
536 1122 735 1160 Cremascli‚
761 1127 795 1153 et
812 1127 906 1153 certa
921 1132 1001 1163 pars
1018 1122 1225 1153 marchionis
1242 1123 1285 1154 de
1302 1122 1557 1156 Monteferrato
1572 1124 1593 1162 ⁴,
1618 1125 1770 1156 marchio
1788 1125 1831 1156 de
1850 1125 1988 1157 Salucio
2001 1125 2013 1143 ⁵

165 1180 198 1206 et
221 1175 373 1207 marchio
397 1175 451 1207 del
476 1175 615 1213 Careto,
632 1185 750 1206 omnes
766 1174 915 1217 predicti
932 1174 1067 1206 insimul
1084 1175 1220 1206 iverunt
1245 1185 1321 1206 cum
1347 1177 1497 1208 exercitu
1522 1182 1731 1221 congregato
1755 1188 1858 1219 super
1880 1178 2013 1219 episco-

162 1233 280 1268 patum
302 1227 479 1260 Placentie
504 1238 610 1270 usque
643 1227 817 1265 Trebiam,
842 1227 1050 1259 destruendo
1079 1228 1192 1259 omnia
1223 1227 1324 1266 bona,
1350 1227 1480 1267 blados,
1513 1228 1664 1267 arbores,
1698 1231 1827 1268 domos,
1852 1236 1928 1268 etc„
1957 1241 2014 1262 ce-

163 1288 288 1323 perunt
306 1286 340 1313 et
357 1281 561 1313 occiderunt
585 1281 709 1312 multos
733 1281 910 1318 homines3
937 1286 970 1312 et
995 1281 1258 1319 Cremonenses,
1289 1281 1504 1320 Parmenses,
1536 1283 1781 1315 Terdonenses
1806 1290 1839 1315 et
1862 1283 2014 1315 Alexan-

164 1335 253 1367 drini
278 1335 414 1366 iverunt
443 1335 479 1365 in
503 1333 693 1366 subsidium
722 1334 854 1366 domini
877 1332 1012 1365 Alberti
1038 1334 1148 1366 Scotti
1173 1345 1279 1376 usque
1308 1335 1353 1365 ad
1380 1335 1503 1373 locum,
1521 1336 1578 1367 ubi
1604 1336 1732 1368 dicitur
1754 1337 1978 1368 Monticellus
1991 1335 2012 1375 ¹³,

164 1388 275 1420 donec
300 1387 472 1420 exercitus
497 1387 581 1418 dicti
606 1387 737 1419 domini
761 1386 963 1429 Phylippini
995 1387 1137 1419 recessit
1161 1393 1194 1418 et
1219 1398 1337 1419 omnes
1361 1394 1482 1429 postea
1505 1389 1683 1420 redierunt
1706 1390 1751 1422 ad
1775 1390 1911 1431 patrias.
1957 1390 2014 1421 In-

164 1442 265 1473 terim
290 1442 449 1474 dominus
472 1440 638 1473 Albertus
662 1441 786 1473 Scotus
811 1442 855 1472 de
881 1441 1038 1473 omnibus
1061 1442 1203 1473 fulcitus
1228 1448 1262 1473 et
1286 1453 1363 1474 cum
1388 1448 1461 1474 toto
1485 1453 1584 1484 posse
1610 1442 1777 1484 equitavit
1808 1452 1910 1484 super
1942 1443 2015 1484 epi—

163 1501 342 1536 scopatum
365 1495 473 1536 Papie
498 1495 542 1526 de
565 1504 681 1526 mense
705 1494 789 1525 iunii
822 1500 855 1526 et
880 1494 962 1532 iulii,
988 1494 1196 1526 destruendo
1220 1495 1313 1527 bona
1337 1501 1414 1533 etc„
1440 1502 1474 1527 et
1497 1495 1616 1527 habuit
1644 1507 1746 1527 unum
1778 1495 1943 1528 castrum'
1969 1496 2011 1527 de

165 1547 323 1580 districtu
347 1547 466 1589 Papie,
484 1547 578 1590 quod
602 1547 791 1579 vocabatur
814 1546 932 1579 Arena
946 1547 967 1585 ⁷,
992 1553 1027 1579 et
1051 1548 1319 1580 comburxerunt
1346 1555 1486 1590 pontem
1510 1548 1727 1590 Papiensem.

251 1601 291 1632 In
315 1600 376 1631 illo
401 1609 490 1631 anno
514 1599 624 1631 victus
648 1599 714 1630 fuit
739 1598 944 1637 carissimus,
969 1599 1102 1631 scilicet
1126 1599 1240 1638 blada,
1265 1600 1383 1632 vinum
1409 1607 1473 1632 etc.

253 1654 387 1685 Eodem
410 1653 602 1692 millesimo,
629 1653 684 1685 die
710 1663 803 1684 xxm
828 1653 954 1685 mensis
979 1653 1141 1686 octubris.
1188 1654 1269 1686 Fuit
1287 1661 1471 1686 teremotus
1495 1655 1670 1687 maximus.

252 1707 292 1738 In
317 1707 441 1738 eodem
467 1717 557 1738 anno
575 1706 750 1738 discordia
765 1706 831 1737 fuit
856 1706 947 1738 inter
975 1706 1151 1738 dominum
1175 1706 1355 1739 Albertum
1381 1707 1537 1739 Scottum
1563 1714 1596 1739 et
1621 1708 1796 1739 dominum
1820 1708 2016 1740 Vicecomi-

167 1765 236 1791 tem
260 1760 518 1796 Pelavicinum3
544 1769 650 1801 quare
675 1759 834 1791 dominus
851 1759 1017 1792 Albertus
1041 1759 1165 1792 Scotus
1182 1761 1367 1792 destinavit
1385 1761 1572 1792 exercitum
1598 1771 1694 1793 suum
1711 1762 1756 1794 ad
1775 1769 1920 1793 castrum
1937 1761 2014 1793 Pel-

165 1813 289 1856 legrini
303 1812 324 1850 ⁸,
342 1818 376 1844 et
392 1813 507 1855 aliqua
523 1823 603 1854 pars
626 1813 780 1855 gentium
798 1813 953 1855 equitum
979 1813 1022 1845 de
1040 1813 1165 1844 Parma
1188 1824 1265 1844 cum
1291 1825 1332 1846 eo
1356 1821 1610 1851 remanseruntg
1635 1821 1748 1846 tamen
1773 1815 1888 1857 aliquo
1912 1814 2015 1846 modo

164 1876 234 1897 non
257 1871 443 1908 potuerunt
466 1866 594 1898 habere
620 1865 751 1897 dictum
770 1871 930 1903 castrum,
948 1866 996 1897 ita
1019 1867 1113 1908 quod
1130 1877 1249 1898 omnes
1265 1866 1441 1899 redierunt
1466 1867 1510 1898 ad
1527 1868 1684 1909 patriam.
1727 1867 1851 1900 Postea
1874 1879 1936 1909 per
1953 1867 2016 1898 ali-

163 1924 245 1960 quot
262 1918 338 1950 dies
354 1918 552 1960 Papienses,
577 1918 876 1955 Mediol'anenses,
900 1919 1160 1957 Laudanenses,
1178 1928 1255 1950 cum
1272 1925 1344 1951 tota
1360 1919 1427 1950 alia
1444 1920 1513 1963 liga
1530 1921 1666 1952 iverunt
1681 1920 1887 1952 Cremonam
1904 1921 1938 1951 in
1955 1932 2014 1952 au-

164 1971 284 2002 xilium
309 1971 442 2003 domini
466 1971 691 2003 Vicecomitis
715 1971 922 2013 Pelavigini3
949 1978 982 2003 et
1015 1978 1174 2003 curentes
1198 1982 1262 2014 per
1293 1972 1486 2004 teritorium
1510 1973 1729 2014 episcopatus
1753 1973 1931 2005 Placentie
1954 1974 2015 2005 de-

163 2030 361 2056 struxerunt
376 2025 493 2062 multa,
511 2030 544 2056 et
567 2024 734 2056 miserunt
751 2034 794 2056 CL
818 2024 943 2056 milites
960 2025 1004 2056 ad
1022 2025 1179 2057 Castrum
1196 2025 1376 2068 Peregrini
1400 2026 1435 2057 in
1459 2026 1621 2057 auxilium
1646 2026 1731 2058 dicti
1756 2027 1868 2059 castri.
1914 2027 2015 2058 Tunc

165 2077 284 2109 militia
308 2077 431 2109 Parme
455 2077 623 2120 equitavit
647 2077 813 2110 Sanctum
838 2077 1035 2109 Donninum
1045 2076 1067 2110 ⁹.

251 2130 386 2162 Eodem
409 2130 605 2168 millesimo,
624 2131 680 2163 die
697 2140 745 2162 xx
762 2130 887 2162 mensis
903 2131 1047 2173 augusti,
1065 2142 1155 2173 papa
1171 2131 1382 2164 Benedictus
1399 2131 1485 2163 obiit
1501 2131 1522 2150 ¹⁰
1547 2132 1582 2163 in
1608 2132 1744 2164 civitate
1760 2132 1916 2170 Peruxii3
1942 2143 2016 2164 car-

167 2183 298 2215 dinales
315 2193 399 2215 vero
423 2194 493 2215 non
516 2189 676 2225 poterant
700 2184 789 2215 inter
822 2195 857 2215 se
883 2184 1087 2216 concordari
1113 2185 1156 2216 de
1188 2194 1278 2217 novo
1302 2196 1393 2226 papa
1417 2185 1589 2227 eligendo.
1636 2185 1739 2218 Unde
1764 2196 1825 2217 rex
1855 2186 2015 2223 Karolus,

167 2236 225 2278 qui
250 2242 323 2268 erat
347 2236 536 2269 advocatus
560 2242 678 2268 sancte
702 2247 843 2268 romane
868 2236 1040 2275 Ecclesie‚
1065 2237 1160 2269 venit
1183 2237 1377 2274 Perusium;
1403 2243 1436 2269 et
1467 2238 1540 2280 ipso
1564 2238 1706 2270 vidente
1735 2238 1917 2281 collegium
1942 2249 2016 2270 car-

169 2289 332 2320 dinalium
357 2289 580 2327 descordans,
605 2289 749 2321 incluxit
773 2299 832 2321 eos
856 2290 891 2320 in
914 2289 1043 2331 palatio
1069 2291 1259 2322 communis
1283 2291 1363 2322 satis
1379 2291 1542 2322 districte.
1590 2291 1692 2322 Tunc
1716 2291 1934 2323 umanimiter
1950 2292 2019 2323 ele-

257 2407 281 2431 4.
302 2400 335 2423 de
355 2402 453 2424 sancto
474 2401 563 2424 Vitali
583 2409 642 2432 agg.
663 2402 696 2424 da
716 2409 791 2424 mano
811 2401 853 2425 del
871 2404 952 2432 tempo
973 2401 1016 2424 nel
1034 2403 1153 2432 margl'nc
1172 2403 1278 2425 sinistro
1299 2405 1327 2425 z'n
1347 2403 1369 2425 Α
1385 2417 1416 2419 -
1431 2403 1455 2427 8.
1469 2403 1522 2426 hoc
1536 2402 1605 2426 fecit
1619 2405 1900 2433 agg.poster1'0r›11entc
1919 2411 1934 2426 a
1948 2411 2018 2426 mar-

165 2442 228 2471 gine
242 2442 271 2464 in
284 2442 307 2465 Α
327 2454 338 2459 -
358 2448 390 2465 ac
407 2441 504 2473 etiam]
525 2443 553 2466 et
572 2442 666 2473 MUR.3
686 2450 717 2467 ac
731 2445 758 2467 et
776 2443 802 2466 B
821 2457 831 2461 -
851 2451 901 2475 pro
920 2451 971 2467 sua
990 2443 1119 2467 vindicta
1138 2443 1267 2467 facienda
1287 2445 1365 2468 Mus.
1380 2457 1412 2461 —
1435 2451 1473 2468 11.
1494 2446 1647 2469 nicoenum*
1665 2445 1689 2467 A
1706 2458 1736 2462 -
1754 2452 1795 2469 12.
1814 2445 2016 2478 Philipponum

168 2482 245 2507 Mun.
266 2497 297 2500 ——
320 2482 360 2507 16.
380 2484 442 2514 dopo
462 2491 547 2515 usque
567 2485 645 2509 Mun.
665 2492 727 2516 agg.
746 2485 782 2508 ad
796 2499 828 2502 —
846 2490 886 2516 17.
907 2484 1112 2516 Terdonenses]
1132 2486 1240 2510 Tarton
1259 2486 1283 2508 A
1298 2500 1330 2503 —-
1348 2486 1386 2510 18.
1402 2486 1594 2517 Monticellus]
1616 2487 1790 2511 Morticellus
1810 2487 1869 2511 AB
1887 2487 1965 2511 MUR.
1984 2501 2017 2504 —

171 2531 212 2549 22.
231 2524 319 2557 quod]
333 2527 380 2557 qui
394 2526 416 2548 Α
432 2539 463 2542 -
480 2532 521 2556 29.
534 2527 687 2558 Papienses
706 2528 818 2557 rz‘petuto
839 2529 867 2549 ιἰι
881 2528 904 2550 Α
920 2540 930 2544 -
945 2528 1006 2557 dopo
1028 2527 1223 2551 Laudanenses
1244 2527 1322 2552 Mun.
1341 2536 1400 2560 agg.
1414 2530 1440 2552 et
1455 2527 1659 2553 Cremonenses
1674 2542 1685 2547 -
1705 2529 1836 2554 Cremon.
1855 2538 1901 2552 om.
1924 2529 2018 2558 MUR.;

171 2566 372 2591 Cremanenses
390 2567 415 2590 B
434 2581 466 2586 —
485 2573 528 2600 35.
548 2568 703 2592 advocatus
722 2570 810 2591 scritto
826 2569 1040 2599 posterz'ormente
1059 2570 1087 2592 z'n
1108 2569 1131 2591 A
1151 2569 1220 2592 dallo
1240 2572 1315 2593 stesso
1335 2570 1431 2600 copista
1450 2577 1480 2593 su
1500 2571 1531 2593 dz·
1547 2578 1598 2593 uno
1617 2571 1702 2601 spazio
1722 2570 1827 2594 lasciato
1847 2572 1876 2594 in
1895 2571 1983 2593 bianco

257 2639 264 2656 ¹
284 2641 325 2665 La
344 2641 417 2666 festa
430 2641 459 2666 di
480 2649 530 2667 san
545 2642 685 2667 Giacomo
700 2643 768 2667 cade
782 2643 804 2666 il
821 2648 851 2673 25
866 2643 951 2675 luglio
967 2643 1065 2674 d’ogni
1120 2643 1259 2668 Abbiamo
1272 2645 1420 2668 sostituito
1439 2645 1606 2674 Morticello‚
1621 2646 1705 2677 luogo
1720 2646 1769 2669 che
1788 2653 1846 2670 non
1860 2645 1951 2674 esiste,
1966 2652 2018 2669 con

168 2689 259 2712 ann03
280 2682 299 2706 il
319 2688 349 2713 25
369 2683 455 2715 luglio
477 2683 518 2708 del
539 2690 604 2716 1303
625 2691 672 2708 era
692 2684 803 2716 dunque
822 2692 862 2708 un
881 2682 1003 2715 giovedi.
1120 2685 1296 2715 Monticello,
1316 2686 1485 2710 affidandoci
1505 2685 1675 2711 all'autoritiz
1690 2687 1731 2711 del
1755 2687 1848 2711 Clzron.
1868 2687 2018 2714 Parmense,

258 2721 269 2738 2
291 2731 319 2747 11
341 2724 452 2749 ottobre
474 2730 550 2755 ¹303·
1121 2726 1178 2749 RR.
1200 2726 1234 2750 II.
1256 2727 1316 2755 SS.,
1336 2727 1386 2756 IX,
1406 2725 1449 2758 87,
1469 2732 1495 2751 33
1515 2728 1619 2759 (nuova
1639 2728 1728 2760 ediz.).

257 2763 267 2780 ³
287 2766 440 2790 Benedetto
460 2766 499 2790 XI
518 2766 645 2798 (Niccolo
665 2767 825 2798 Boccasini)
844 2767 875 2792 fu
894 2768 977 2792 eletto
991 2775 1066 2799 papa
1208 2767 1219 2783 ⁷
1238 2769 1388 2793 Arena-Po
1407 2776 1423 2793 a
1442 2775 1473 2800 33
1495 2769 1542 2794 kil.
1562 2771 1668 2795 E-N-E.
1688 2771 1716 2794 di
1736 2771 1878 2803 Voghera.

169 2807 212 2830 nel
233 2813 264 2830 22
285 2806 427 2831 d'ottobre
448 2815 524 2840 1303.
1209 2808 1220 2825 8
1240 2811 1399 2843 Pcllegrino
1419 2812 1567 2836 Parmense
1586 2820 1603 2836 a
1627 2812 1657 2837 18
1676 2811 1725 2837 kil.
1746 2813 1843 2839 s-S-E.
1868 2814 1898 2837 di
1924 2815 2017 2846 Borgo

256 2847 266 2864 ⁴
286 2849 326 2873 La
346 2851 425 2881 parte
444 2850 473 2874 di
493 2850 639 2875 Giovanni
657 2850 732 2884 figlio
746 2852 775 2875 di
789 2851 904 2876 Alberto
925 2852 1066 2876 marchese
1121 2852 1176 2876 San
1196 2853 1344 2878 Donnino.

169 2890 211 2914 del
232 2891 416 2921 Monserrato,
436 2892 589 2917 ribellatosi
608 2893 634 2917 al
654 2893 748 2924 padre.
1209 2892 1221 2909 ⁹
1240 2895 1333 2927 Borgo
1360 2895 1415 2921 San
1443 2897 1581 2920 Donnino
1608 2898 1715 2921 situato
1742 2904 1758 2920 a
1784 2903 1818 2928 24
1837 2897 1885 2922 kil.
1904 2897 2018 2922 o-N-O.

257 2931 268 2947 5
289 2932 436 2957 Manfredo
457 2934 503 2957 IV.
1122 2936 1150 2960 di
1170 2936 1278 2961 Parma.

256 2972 267 2989 ⁶
287 2975 447 2999 Monticello
467 2975 620 3007 sull’Oglio
639 2984 654 3000 a
677 2983 705 3006 15
727 2977 776 3001 kil.
796 2978 872 3002 N-O.
897 2977 924 3000 di
945 2978 1066 3003 Brescia.
1201 2977 1222 2993 ¹⁰
1243 2985 1257 3010 7
1277 2979 1361 3011 luglio
1385 2986 1460 3011 1304.

2047 2859 2080 2875 20

2090 1506 2166 1527 Mun..

2089 1936 2108 1949 c.
2124 1930 2178 1953 58¹1)

2181 1505 2215 1524 351
