2307 3592
122 259 172 294 [A.
195 260 286 292 1259]
755 255 1065 291 CHRONICON
1094 255 1325 290 ESTENSE
1908 258 1954 291 35

120 384 344 422 mollirentur,
368 384 554 422 Ecellinus,
580 385 636 416 cui
659 385 752 417 mille
776 390 867 417 artes
889 386 1034 423 inerant,
1067 386 1227 428 milleque
1251 386 1344 418 modi
1375 387 1534 424 nocendi,
1559 387 1626 418 suis
1650 387 1959 419 machinationibus

119 443 154 469 et
169 437 449 479 persuasionibus
464 438 694 470 fraudulentis
720 439 884 480 quosdam
901 444 1078 481 magnates
1093 438 1284 471 Mediolani
1301 445 1526 480 corumperat‚
1551 450 1647 471 suum
1663 440 1826 481 populum
1840 440 1960 472 odien-

119 497 180 529 tes,
203 490 262 532 qui
285 489 427 522 firmiter
449 490 676 532 promiserant
699 491 730 522 ei
754 502 849 522 suam
872 492 1009 523 tradere
1033 492 1215 530 civitatem,
1240 498 1273 523 et
1297 503 1360 532 pro
1393 492 1491 523 huius
1516 493 1565 524 rei
1597 493 1777 524 securitate
1801 493 1958 534 proprios

118 542 220 574 etiam
242 542 330 574 filios
357 543 422 584 ipsi
455 543 593 575 obsides
616 544 840 575 tradiderunt.
888 543 1044 581 Quorum
1076 544 1357 586 promissionibus
1389 544 1578 576 incunbens
1603 552 1776 588 tyrapnus,
1809 546 1956 586 cupidus

117 595 327 632 dominandi,
352 605 412 627 cor
435 607 530 627 suum
554 597 590 627 in
613 596 810 637 superbiam
835 597 992 634 elevavit,
1024 597 1117 639 quod
1141 602 1215 628 erat
1245 597 1341 628 ruine
1364 597 1558 639 presagium
1583 598 1800 630 imminentis.
1847 599 1890 629 Et
1914 599 1957 630 de

116 653 216 680 nocte
241 648 474 690 consurgens',
498 649 542 680 de
567 649 812 690 campestribus
835 649 1026 681 Urceorum
1043 650 1140 681 iussit
1155 649 1318 691 populum
1333 650 1447 681 redire
1464 650 1627 682 Brissiam
1644 651 1858 688 festinantem
1883 651 1956 692 ipse

117 710 200 732 vero
225 711 303 732 cum
328 707 407 733 octo
430 701 564 733 milibus
587 701 759 733 hominum
784 702 1000 744 equestrium,
1024 703 1059 733 in
1083 702 1205 743 quibus
1229 708 1326 733 erant
1350 703 1413 733 tria
1437 703 1528 734 milia
1552 703 1653 735 electi
1678 704 1831 741 militum,
1864 703 1958 746 quasi

117 753 232 795 aquila
254 753 374 785 volans
397 753 440 786 ad
465 764 589 791 escam,
614 764 676 795 per
692 760 830 795 pontem
847 754 996 786 Palazoli
1011 757 1017 772 ¹
1037 755 1162 786 flumen
1180 755 1257 786 Olei
1274 756 1508 796 pertransivit;
1535 757 1744 799 veniensque
1761 757 1805 787 ad
1821 756 1958 788 Addam

115 806 264 844 fluvium,
287 807 398 847 ipsum
422 806 573 838 similiter
589 807 722 838 incessu
739 807 900 848 precipiti
916 807 1158 839 transvadavit.
1198 808 1319 849 Ibique
1337 814 1540 840 occurerunt
1557 809 1586 839 ei
1603 809 1712 850 patrie
1728 809 1956 850 prodictores;

55 859 92 891 10
116 858 236 901 quibus
261 859 440 902 assumptis
463 870 582 891 versus
604 859 839 891 Mediolanum
872 860 920 891 ire
953 870 1029 891 cum
1053 871 1180 892 summo
1204 861 1331 903 gaudio
1355 861 1507 892 minister
1538 861 1688 904 dyaboly
1719 861 1913 899 festinabat,
1939 873 1958 893 a

115 921 192 954 quo,
217 912 369 953 peccatis
393 912 618 955 exigentibus,
642 912 729 944 sicut
752 912 813 944 bos
836 913 966 944 nessius
990 913 1035 945 ad
1051 913 1223 944 victimam
1248 913 1448 945 ducebatur.
1496 915 1573 956 Ipso
1590 914 1706 956 itaque
1722 915 1958 947 Mediolanum

115 971 292 1007 pergente,
317 975 336 996 e
353 970 473 996 contra
497 974 572 996 eum
596 964 765 996 Martinus
788 966 834 997 de
856 965 887 996 T
890 965 959 996 urri
976 965 1026 996 vir
1042 965 1178 1006 sapiens
1196 972 1230 997 et
1253 965 1415 1005 abstutus,
1433 967 1534 998 totius
1557 967 1676 1008 populi
1692 967 1958 999 mediolanensis

115 1017 312 1059 capitaneus
336 1023 370 1049 et
393 1017 566 1055 defensor,
591 1018 634 1048 de
658 1017 859 1049 Mediolano
884 1029 960 1049 cum
989 1018 1141 1049 exercitu
1171 1024 1242 1050 erat
1266 1028 1421 1060 egressus
1444 1025 1478 1050 et
1501 1020 1535 1050 in
1559 1019 1837 1051 Cremonensium
1860 1020 1958 1051 auxi-

114 1070 194 1101 lium
219 1070 388 1102 veniebat.
434 1071 626 1102 Precurens
653 1070 756 1113 igitur
786 1071 941 1109 nuncius,
973 1081 1074 1113 quem
1105 1071 1352 1113 Bergamenses
1383 1071 1521 1113 quidam
1553 1072 1651 1104 amici
1683 1073 1838 1104 Ecclesie
1864 1073 1956 1105 dire-

51 1122 88 1154 15
111 1129 243 1161 xerunt,
267 1123 442 1155 nunciavit
463 1123 613 1155 Martino
637 1124 852 1155 tremendum
876 1123 1060 1154 adventum
1083 1124 1287 1155 ferocissimi
1310 1124 1472 1161 Ecellini3
1498 1125 1556 1166 qui
1580 1135 1656 1156 cum
1680 1126 1838 1164 audisset,
1864 1127 1957 1168 quod

113 1176 363 1208 crudelissimus
386 1177 496 1218 predo
520 1177 565 1208 ad
588 1176 813 1217 optinendum
837 1176 1071 1208 Mediolanum
1097 1187 1173 1207 cum
1197 1177 1351 1209 exercitu
1374 1177 1557 1215 adveniret,
1583 1178 1758 1219 obstupuit
1773 1179 1956 1210 vehemen-

113 1234 174 1266 ter,
197 1235 441 1271 revertensque
464 1229 678 1261 velocissime
703 1239 821 1260 versus
844 1228 1090 1266 Mediolanum,
1114 1229 1260 1260 Domino
1286 1230 1509 1268 concedente,
1534 1231 1605 1261 sine
1628 1241 1695 1272 quo
1720 1231 1846 1262 frustra
1869 1232 1956 1273 vigi-

113 1281 182 1314 lant
205 1281 265 1324 qui
292 1281 490 1313 custodiunt
513 1282 684 1314 civitatem
697 1281 718 1320 ²,
743 1282 901 1323 prevenit
924 1282 1108 1322 pessimum
1133 1281 1336 1313 Ecellinum.
1384 1282 1434 1313 De
1462 1282 1603 1314 Martini
1627 1294 1709 1314 vero
1733 1284 1956 1315 strenuissimi

111 1334 176 1365 viri
199 1334 378 1366 subitaneo
402 1335 551 1366 adventu
575 1334 727 1366 exterriti
750 1341 826 1365 sunt
849 1335 959 1376 patrie
972 1335 1203 1376 prodictores;
1229 1335 1284 1366 alii
1302 1345 1384 1366 vero
1410 1336 1513 1374 cives,
1526 1337 1611 1367 tanti
1627 1336 1689 1366 viri
1706 1337 1878 1377 presentia
1901 1347 1955 1368 ro-

47 1388 89 1419 20
111 1387 235 1426 borati,
259 1388 304 1420 ad
326 1387 552 1419 resistendum
575 1394 745 1431 tyranpno
768 1397 805 1419 se
829 1387 969 1420 viriliter
991 1393 1216 1429 paraverunt;
1242 1394 1276 1419 et
1300 1387 1348 1419 sic
1373 1388 1573 1429 dissipatum
1599 1395 1650 1421 est
1678 1389 1854 1421 consilium
1885 1400 1955 1420 ma-

112 1440 291 1483 lignorum.
338 1440 472 1473 Videns
495 1440 611 1482 itaque
635 1440 860 1482 prodictionis
882 1440 971 1472 filius
1001 1451 1079 1472 suas
1110 1441 1250 1472 insidias
1282 1441 1523 1481 denunptiatas
1555 1447 1589 1473 et
1619 1442 1720 1473 aliter
1752 1442 1830 1481 sibi,
1854 1453 1956 1485 quam

111 1493 334 1525 extimaverat
357 1493 533 1531 accidisse,
557 1495 602 1526 ad
626 1493 861 1525 invadendum
878 1493 1122 1525 nobilissimum
1140 1493 1284 1536 burgum
1309 1493 1465 1526 Modicie
1479 1494 1490 1511 3
1514 1505 1549 1525 se
1575 1495 1752 1526 convertit.
1793 1495 1853 1526 Set
1869 1495 1955 1526 Bur-

109 1554 241 1588 genses,
264 1546 367 1577 armis
391 1547 565 1587 asumptis,
589 1546 699 1587 ipsum
721 1545 847 1577 intrare
872 1545 1010 1577 minime
1027 1546 1265 1587 permiserunt.
1313 1546 1469 1578 Castrum
1494 1546 1594 1578 etiam
1612 1546 1723 1578 Tricii
1738 1547 1750 1564 ⁴
1767 1547 1871 1579 voluit
1895 1557 1953 1578 oc-

109 1609 246 1641 cupare,
270 1605 320 1631 set
344 1606 377 1631 et
400 1600 481 1630 inde
505 1599 642 1641 penitus
667 1605 717 1630 est
740 1599 906 1640 repulsus.
952 1599 1103 1641 Burgum
1127 1605 1241 1631 tamen
1266 1600 1349 1631 dicti
1374 1600 1441 1631 loci
1459 1600 1604 1632 obtinuit
1632 1601 1811 1642 ipsumque
1830 1601 1953 1633 crude-

45 1651 84 1683 25
109 1651 185 1683 liter
201 1652 440 1684 concremavit.
487 1652 647 1684 Tandem
663 1651 891 1684 neccessitate
917 1652 1120 1694 compulsus,
1138 1652 1264 1683 Vicum
1282 1653 1425 1684 mercati
1440 1652 1450 1668 5
1468 1653 1612 1691 intravit,
1630 1653 1744 1695 ibique
1761 1654 1954 1685 sevissimus

107 1704 216 1746 predo
243 1711 409 1737 terrarum
441 1716 535 1737 suam
567 1705 743 1736 infelicem
769 1705 945 1736 constituit
968 1704 1189 1736 mansionem.
1236 1705 1495 1747 Cognoscentes
1517 1705 1621 1748 igitur
1645 1706 1894 1738 Cremonenses
1918 1712 1951 1738 et

107 1757 287 1789 Mantuani
315 1764 350 1790 et
380 1768 497 1790 eorum
515 1758 592 1790 sotii
617 1763 821 1790 nocturnum
843 1757 991 1789 volatum
1014 1758 1186 1789 temerarii
1219 1758 1377 1795 Ecellini‚
1402 1758 1606 1790 unanimiter
1638 1765 1813 1790 moventes
1841 1765 1953 1790 castra

107 1820 213 1852 usque
236 1811 283 1843 ad
305 1811 444 1842 fluvium
468 1810 604 1844 Aduam
633 1811 706 1842 eius
722 1811 866 1852 vestigia
881 1816 959 1841 sunt
975 1810 1093 1848 secuti,
1111 1811 1322 1853 figentesque
1339 1812 1510 1853 temptoria
1526 1811 1618 1843 iuxta
1634 1812 1758 1850 locum,
1770 1823 1833 1853 per
1850 1823 1951 1854 quem

106 1863 261 1895 transivit
283 1863 485 1896 insatiabilis
508 1864 692 1901 homicida,
716 1864 876 1895 fecerunt
906 1873 983 1894 cum
1014 1864 1142 1894 summa
1174 1863 1351 1906 diligentia
1381 1869 1522 1905 pontem
1546 1870 1579 1896 et
1609 1865 1697 1896 vada
1720 1865 1867 1896 fluminis
1891 1876 1949 1897 cu-

43 1917 84 1948 30
107 1916 239 1955 stodiri,
262 1928 306 1949 ne
330 1917 443 1960 aliquo
468 1918 570 1950 modo
595 1928 736 1959 serpens
759 1923 930 1949 tortuosus
958 1924 1074 1959 posset
1098 1917 1226 1959 absque
1250 1918 1358 1958 prelio
1383 1918 1427 1949 ad
1449 1918 1588 1959 propria
1605 1926 1767 1950 remeare.
1814 1918 1950 1951 Medio-

109 1968 263 2001 lanenses
286 1981 329 2001 ex
352 1970 417 2002 alia
441 1976 537 2012 parte
560 1970 709 2002 validum
734 1970 920 2002 exercitum
944 1970 1205 2013 congregantes,
1222 1971 1383 2002 adversus
1407 1981 1483 2001 eum
1507 1971 1541 2002 in
1564 1971 1674 2012 prelio
1691 1972 1881 2012 procedere
1900 1972 1951 2003 di-

106 2021 313 2063 sponebant3
338 2029 389 2055 set
413 2023 479 2054 hoc
493 2022 504 2038 ⁶
528 2033 646 2054 eorum
670 2023 800 2054 animos
816 2023 859 2053 ad
876 2022 1073 2054 bellandum
1090 2022 1325 2064 prontissimos
1341 2022 1571 2061 refrenabant,
1589 2023 1668 2065 quia
1685 2024 1880 2065 capitaneos
1904 2024 1948 2056 de

105 2074 246 2107 crimine
269 2074 510 2117 'prodictionis
534 2080 713 2117 suspectos
737 2074 919 2107 habebant.
965 2075 1121 2113 Quorum
1138 2080 1251 2108 tamen
1268 2076 1433 2117 impeturn
1447 2075 1622 2107 Ecellinus
1637 2075 1819 2117 plurimum
1843 2087 1946 2118 expa-

106 2137 259 2167 vescens,
282 2129 429 2160 maxime
454 2139 530 2160 cum
553 2129 687 2160 videret
710 2138 746 2159 se
771 2139 791 2159 a
814 2127 1069 2169 prodictoribus
1087 2127 1215 2160 cotidie
1229 2128 1433 2170 derelinqui,
1458 2139 1478 2160 a
1494 2128 1615 2171 burgo,
1632 2129 1666 2159 in
1684 2139 1751 2171 quo
1769 2134 1842 2160 erat
1867 2140 1951 2161 con-

41 2178 81 2210 35
106 2180 230 2220 clusus,
253 2191 320 2212 non
345 2181 574 2223 permictebat
597 2192 675 2213 suos
699 2181 822 2213 milites
837 2181 972 2223 longius
988 2182 1138 2223 evagari.
1186 2182 1247 2213 Set
1264 2191 1327 2213 nec
1345 2181 1473 2214 ibidem
1491 2182 1619 2214 diutius
1635 2187 1770 2224 poterat
1785 2182 1947 2220 residere,

105 2241 149 2265 ne
173 2233 310 2265 omnino
334 2234 569 2266 deficientibus
592 2234 807 2271 victualibus,
831 2234 932 2266 famis
956 2234 1111 2276 angustia
1136 2234 1306 2266 exercitus
1330 2241 1551 2276 premeretur.

192 2285 267 2317 Hiis
289 2287 336 2318 ita
359 2297 395 2318 se
418 2286 634 2325 habentibus,
660 2286 855 2318 conturbati
880 2293 959 2318 sunt
975 2287 1109 2319 nobiles
1129 2287 1287 2330 Bryssye‚
1312 2287 1468 2320 robustos
1491 2287 1631 2320 Verone
1649 2288 1794 2320 obtinuit
1812 2296 1947 2327 tremor,

106 2338 325 2381 obriguerunt
348 2350 466 2372 omnes
489 2340 613 2372 milites
636 2339 793 2379 Ecellini,
817 2347 885 2371 tam
910 2340 1052 2372 animosi
1076 2340 1284 2372 Theotonici
1311 2351 1413 2382 quam
1445 2340 1569 2372 Latini.
1616 2341 1715 2372 Tunc
1741 2341 1843 2373 etiam
1867 2351 1948 2373 con-

105 2391 233 2423 fractus
261 2397 311 2424 est
343 2394 450 2425 corde
480 2392 586 2425 draco
618 2402 819 2431 venenosus,
852 2402 998 2424 cernens
1029 2403 1065 2425 se
1096 2392 1139 2425 ab
1170 2393 1318 2424 inimicis
1349 2393 1501 2435 undique
1533 2399 1738 2431 coartatum3
1771 2394 1947 2436 nimioque

39 2443 81 2474 40
104 2443 226 2477 timore
243 2446 451 2486 perterritus,
476 2457 545 2478 non
570 2452 642 2477 erat
666 2456 764 2477 ausus
790 2456 867 2477 cum
890 2445 1206 2478 Mediolanensibus
1224 2446 1398 2485 dimicare,
1421 2446 1569 2488 ipsorum
1594 2446 1847 2479 multitudinem
1869 2457 1948 2488 per-

104 2497 299 2535 timescens3
324 2505 375 2530 set
397 2509 514 2532 versus
529 2498 678 2537 Aduam,
702 2499 794 2530 unde
811 2504 964 2537 venerat,
981 2497 1173 2531 deliberato
1191 2498 1335 2531 consilio
1352 2499 1478 2531 direxit
1494 2499 1604 2532 subito
1620 2499 1686 2531 iter
1709 2510 1816 2531 suum.
1859 2500 1947 2541 Spe-

76 595 93 627 υι

192 2601 217 2618 2.
236 2595 383 2628 quosdam]
405 2604 473 2629 quos
492 2597 515 2620 A
530 2610 561 2613 —
589 2602 612 2627 5.
632 2597 711 2620 ruine
730 2597 810 2620 Arm.
830 2596 924 2626 MUR.3
944 2604 1019 2620 nunc
1045 2596 1068 2619 A
1089 2609 1119 2612 —-
1140 2603 1164 2627 7.
1178 2595 1337 2620 hominibus
1351 2598 1454 2628 equest.
1474 2596 1498 2619 A
1513 2610 1543 2613 —
1565 2604 1589 2628 9.
1609 2597 1740 2629 precipiti
1759 2597 1837 2621 Arm.
1852 2597 1946 2628 Mem

105 2636 254 2668 principiti
271 2637 295 2660 A
313 2650 345 2654 —
368 2645 408 2662 11.
428 2638 544 2662 victima
562 2639 584 2661 Α
603 2639 635 2655 ’-
657 2643 698 2662 12.
712 2645 726 2662 e
739 2638 840 2661 contra
859 2637 980 2668 togliamo
1000 2637 1075 2668 dagli
1087 2638 1180 2667 Ama
1199 2637 1259 2660 AB
1272 2637 1358 2661 hanno
1378 2640 1406 2661 et
1423 2639 1521 2662 contra
1540 2647 1552 2661 e
1572 2638 1648 2662 Mus.
1663 2639 1762 2662 contra
1779 2652 1809 2655 ——
1827 2639 1866 2664 18.
1885 2646 1947 2670 pes-

103 2678 188 2702 simus
206 2679 346 2703 Ecellinus
365 2680 388 2703 A
409 2693 442 2697 ——
462 2681 503 2704 28.
523 2687 582 2712 agg.
603 2679 637 2703 ad
654 2680 717 2710 dopo
736 2679 851 2704 fluvium
870 2680 893 2702 A
914 2693 946 2696 —
966 2685 1008 2709 29.
1027 2680 1055 2703 et
1074 2679 1145 2703 vada
1164 2679 1241 2703 Mun.
1262 2680 1357 2710 Am.;
1370 2686 1453 2710 super
1472 2680 1525 2704 ada
1543 2680 1566 2702 A
1581 2693 1611 2697 —
1632 2686 1674 2712 32.
1688 2680 1850 2704 refrenabat
1869 2680 1946 2705 Mun.

105 2720 183 2744 ANN-
203 2733 235 2737 —
255 2726 298 2752 37.
316 2728 345 2745 se
363 2729 410 2744 om.
432 2721 508 2746 Mun.
529 2736 561 2739 —
582 2721 624 2754 38.
638 2721 802 2752 obrigerunt
814 2722 837 2744 A
852 2735 884 2738 —
898 2729 940 2752 40.
960 2721 1111 2754 preteritus
1129 2721 1153 2744 A
1166 2734 1197 2738 —
1213 2728 1304 2752 40-41.
1318 2722 1517 2754 pertimescens
1537 2722 1663 2753 leggiamo
1677 2722 1716 2745 col
1727 2721 1805 2747 Mun.
1819 2722 1948 2754 togh'endo

60 2766 73 2790 5
105 2761 131 2784 la
144 2761 240 2792 parola
258 2763 330 2794 degli
348 2763 440 2794 ANN.;
459 2771 507 2787 om.
526 2765 550 2787 A

191 2835 199 2851 ¹
214 2837 356 2861 Palazzolo
370 2838 525 2870 suu‘Oglio
535 2840 624 2871 borgo
637 2840 681 2863 tra
693 2840 804 2863 Brescia
817 2846 832 2862 e
846 2839 991 2870 Bergamo.
1139 2838 1150 2853 ⁴³
1170 2839 1236 2864 Vim
1243 2840 1334 2863 ercate
1357 2847 1374 2864 a
1394 2839 1520 2863 nord-est
1540 2839 1569 2863 di
1588 2840 1697 2864 Mouza.

188 2878 199 2893 ²
218 2879 272 2909 Ps„
295 2877 354 2909 126,
376 2883 393 2903 l.
1135 2878 1146 2894 ⁶
1160 2881 1297 2905 Muratori
1313 2887 1444 2912 corregge
1459 2879 1630 2910 rqfrenabant
1642 2882 1672 2904 in
1686 2880 1837 2910 refrenabat
1847 2880 1946 2913 perche

189 2919 200 2935 ³
218 2921 326 2946 Mouza.
1048 2930 1135 2954 pensa
1154 2923 1206 2947 che
1224 2924 1269 2947 hoc
1287 2923 1330 2947 sia
1345 2924 1485 2954 soggetto.
1523 2921 1590 2947 Cos)
1615 2931 1682 2954 pure
1702 2922 1769 2947 Iaffe
1795 2924 1870 2955 negli
1889 2925 1945 2947 An-

192 2962 202 2977 ⁴
229 2963 331 2987 Trezzo
357 2965 469 2989 castello
495 2965 566 2989 sulla
594 2965 655 2989 riva
684 2965 777 2989 destra
808 2965 955 2990 dell’Adda
979 2974 994 2990 a
1050 2965 1120 2988 παίω
1140 2963 1175 2990 ἀὲ
1193 2964 1353 2995 refrenabat.
1391 2965 1449 2989 Noi
1467 2964 1607 2989 crediamo
1627 2965 1678 2989 che
1696 2965 1749 2989 hoc
1763 2966 1805 2989 sia
1819 2966 1944 2990 ablativo

45 3013 76 3030 10
102 3005 195 3028 trenta
213 3005 356 3030 kilometri.
374 3005 504 3030 nord-est
522 3006 558 3030 da
577 3006 694 3031 Milano.
1050 3014 1063 3031 e
1083 3007 1106 3030 si
1126 3007 1249 3039 eolleghi
1268 3007 1293 3030 al
1312 3007 1376 3037 quia
1394 3006 1442 3030 che
1461 3014 1558 3038 segue:
1573 3010 1623 3037 per
1641 3010 1775 3037 questo...
1794 3007 1847 3031 che.

2024 2086 2100 2109 Mur„
2116 2088 2153 2105 52³
