2307 3592
63 882 99 911 10

63 1144 97 1174 15

59 2202 76 2232 0)

81 2199 98 2231 01

57 2466 98 2495 40

123 209 210 249 [ΑΑ.
232 211 420 243 1310-1311]
765 203 1076 239 CHRONICON
1109 204 1275 239 ESTEN
1280 204 1339 238 SE
1921 204 1967 242 79

211 326 254 357 Et
278 326 314 357 in
338 326 461 357 eodem
486 326 542 358 die
567 325 651 358 dicti
675 325 830 366 banpniti
854 325 1033 368 fregerunt
1056 335 1179 366 pacem
1203 326 1299 358 dicto
1324 326 1462 358 domino
1488 325 1632 358 Alberto
1659 326 1778 358 Scotto
1803 332 1836 359 01
1852 328 1971 359 amicis

123 380 205 416 suis3
230 384 264 410 et
287 378 514 419 expulxerunt
539 389 598 410 eos
622 378 665 409 de
690 379 849 414 civitate;
877 384 909 409 et
933 378 978 409 ad
1002 379 1068 410 hoc
1092 379 1242 420 predicti
1266 384 1456 420 potestates
1480 379 1620 410 fuerunt
1644 379 1911 418 consentientes,
1936 387 1970 412 et

122 432 244 463 multos
260 430 514 462 derobaverunt
532 431 623 463 dicte
641 431 799 462 civitatis.
845 430 1012 462 Dominus
1029 430 1193 462 Albertus
1218 431 1342 463 Scotus
1365 432 1454 474 fugit
1478 431 1511 462 in
1537 432 1657 464 Castro
1681 437 1832 470 arcoato,
1853 439 1887 464 et
1911 433 1970 465 ha-

121 485 194 516 buit
216 484 455 526 Florencolam
480 490 515 516 et
538 484 696 521 Bobium3
723 490 757 516 et
780 484 939 516 fecerunt
964 484 1145 516 maximam
1170 495 1329 527 guerram
1353 485 1447 516 dicte
1473 484 1613 516 civitati.

210 537 255 568 Et
278 537 313 568 in
337 537 459 568 eodem
483 548 572 569 anno
597 538 724 576 vinum,
748 537 856 578 panis,
882 536 1032 575 bladum,
1059 543 1094 568 et
1118 537 1233 569 omnia
1256 537 1323 569 alia
1346 538 1486 569 suerunt
1509 537 1682 569 carissima
1706 544 1771 569 etc.

212 590 345 621 Eodem
370 589 568 621 millesimo.'
615 590 782 621 Dominus
804 590 992 631 imperator
1016 590 1185 622 Henricus
1210 591 1304 622 venit
1329 591 1363 621 in
1387 590 1641 627 Lombardiam,
1667 596 1701 622 et
1724 602 1791 633 pax
1809 591 1902 623 facta
1921 598 1972 624 est

122 644 211 674 inter
235 643 357 674 multas
380 642 553 679 civitates;
579 649 613 674 et
636 643 732 674 multi
758 643 933 674 redierunt
956 643 1001 675 ad
1025 643 1157 684 patrias
1181 653 1268 680 suas,
1293 649 1327 675 et
1349 643 1569 684 possiderunt
1593 643 1682 675 bona
1706 653 1834 676 eorum.

948 748 1115 781 MCCCX
1116 749 1146 791 J

209 828 374 859 Dominus
390 827 582 868 Imperator
605 827 781 868 predictus
805 827 945 859 intravit
971 827 1143 871 civitatem
1170 827 1375 867 Mediolani,
1401 834 1434 860 et
1458 829 1544 861 fecit
1568 830 1639 860 fieri
1662 840 1786 870 pacem
1802 830 1890 862 inter
1907 831 1969 861 do-

123 880 250 910 minum
274 879 442 910 Maffeum
467 879 719 911 Vicecomitem
744 885 777 911 et
803 880 960 910 dominos
977 879 1020 910 de
1045 880 1077 910 13
1094 868 1223 917 Turre:
1249 887 1283 912 et
1300 890 1428 918 omnes,
1450 881 1506 924 qui
1533 881 1665 922 expulsi
1682 888 1779 913 erant
1795 882 1837 914 de
1854 892 1971 914 eorum

124 932 273 970 civitate,
297 931 473 963 redierunt
497 933 532 963 in
557 931 717 964 domibus
749 942 878 963 eorum.
926 932 970 963 Et
1001 931 1173 964 ordinavit
1206 939 1240 964 et
1271 933 1368 971 fecit,
1400 934 1494 976 quod
1525 933 1685 965 dominus
1718 934 1832 966 Guido
1864 936 1907 966 de
1941 936 1971 966 la

122 985 233 1016 Turre
257 984 462 1016 renuntiavit
485 983 710 1016 dominationi
735 984 885 1016 civitatis
909 984 1110 1022 Mediolani,
1136 995 1239 1026 quam
1262 986 1474 1026 possidebat.

210 1037 342 1069 Eodem
366 1037 554 1074 millesimo,
579 1037 635 1068 die
659 1046 697 1069 VI
722 1037 849 1068 mensis
872 1037 1031 1068 ianuarii.
1079 1037 1225 1069 Illustris
1249 1045 1283 1070 et
1300 1039 1455 1070 excelsus
1473 1039 1631 1070 dominus
1648 1040 1808 1072 dominus
1824 1041 1970 1082 impera-

124 1089 190 1122 tor'
214 1090 382 1122 Henricus
407 1095 589 1122 coronatus
604 1089 671 1122 fuit
686 1089 721 1121 111
745 1090 885 1121 civitate
908 1089 1111 1127 Mediolani,
1137 1096 1171 1121 et
1195 1089 1242 1121 ibi
1266 1091 1445 1123 decoravit
1468 1091 1588 1122 militia
1612 1092 1744 1124 multos.
1792 1093 1835 1124 Et
1851 1093 1888 1124 in
1904 1094 1971 1125 hiis

124 1143 244 1175 diebus
266 1153 383 1174 rumor
406 1143 574 1174 maximus
597 1143 664 1174 fuit
686 1143 722 1174 in
747 1143 840 1174 dicta
865 1143 1017 1181 civitate,
1043 1143 1122 1185 quia
1145 1149 1265 1186 gentes
1290 1143 1374 1175 dicti
1393 1144 1522 1175 domini
1540 1145 1759 1185 Imperatoris
1784 1146 1972 1178 derobave-

124 1202 201 1228 runt
229 1201 263 1227 et
295 1195 556 1227 comburserunt
579 1195 699 1227 domos
723 1195 940 1227 dominorum
975 1196 1018 1227 de
1050 1195 1083 1226 la
1114 1196 1238 1234 Turre,
1271 1197 1353 1238 quia
1384 1196 1651 1229 dominationem
1682 1198 1847 1239 petebant
1878 1199 1970 1231 dicte

125 1249 271 1281 civitatis
295 1254 374 1280 cont
377 1260 414 1280 ra
437 1248 674 1290 volunptatem
690 1248 919 1290 Imperatoris,
945 1253 979 1279 et
1004 1258 1122 1280 omnes
1146 1249 1308 1291 fugerunt
1333 1249 1376 1281 de
1402 1249 1543 1281 civitate
1567 1250 1734 1291 predicta,
1759 1257 1793 1310 et
1816 1251 1971 1293 banpniti

124 1308 201 1334 sunt
224 1313 245 1333 a
267 1301 406 1333 domino
431 1301 655 1343 Imperatore.

211 1355 342 1386 Eodem
366 1354 555 1386 millesimo.
602 1355 770 1386 Dominus
793 1354 982 1396 Imperator
1004 1354 1184 1396 predictus
1207 1364 1331 1396 pacem
1355 1355 1528 1387 contraxit
1557 1366 1633 1386 cum
1660 1356 1914 1395 Parmensffius,
1939 1364 1972 1390 et

124 1408 172 1439 ibi
196 1408 302 1450 elegit
324 1407 492 1439 vicarium
517 1407 696 1439 dominum
721 1408 917 1439 Guidonem
941 1407 984 1439 de
1007 1407 1157 1439 Curiaco
1175 1409 1194 1438 ¹.
1242 1407 1437 1439 Extrinseci
1455 1407 1587 1445 Parme,
1605 1409 1662 1450 qui
1680 1409 1903 1442 morabantur
1926 1412 1972 1443 ad

123 1461 275 1503 Burgum
298 1461 409 1492 sancti
432 1460 599 1502 Dopnini‚
623 1461 752 1492 reversi
780 1466 858 1492 sunt
885 1461 919 1492 in
943 1460 1121 1497 Parmam3
1145 1466 1180 1492 et
1205 1461 1297 1492 cives
1322 1467 1355 1492 et
1378 1461 1525 1492 vicarius
1549 1462 1642 1493 dicte
1666 1462 1812 1495 civitatis
1836 1464 1972 1496 iverunt

125 1513 261 1545 obviam
277 1514 326 1545 eis
341 1524 449 1555 usque
464 1519 615 1554 pontem.
626 1537 634 1545 .
645 1537 652 1545 .
664 1537 671 1546 .
691 1523 768 1545 cum
785 1523 909 1556 magno
925 1513 1070 1557 gaudio3
1090 1519 1124 1545 et
1140 1523 1271 1544 moram
1287 1520 1465 1545 traxerunt
1479 1513 1513 1544 in
1531 1514 1625 1546 dicta
1643 1515 1782 1547 civitate
1795 1527 1856 1558 per
1869 1528 1972 1548 unum

125 1577 284 1598 mensem.
331 1566 457 1598 Postea
479 1566 593 1598 Rubei
617 1567 749 1608 expulsi
773 1573 851 1598 sunt
873 1567 916 1598 de
941 1566 1093 1604 civitate,
1119 1572 1153 1598 et
1176 1567 1301 1598 mortui
1326 1567 1369 1598 de
1395 1566 1442 1598 eis
1466 1573 1499 1599 et
1523 1568 1727 1609 sequacibus
1750 1579 1797 1600 Lx
1814 1570 1869 1601 die
1886 1570 1971 1602 iovis

124 1628 232 1651 xxnu
248 1619 415 1651 februarii
428 1619 449 1650 ².
489 1620 533 1650 Et
549 1619 661 1651 dictus
677 1619 825 1651 vicarius
842 1619 990 1651 obtinuit
1005 1618 1205 1650 vicariatum
1221 1629 1282 1660 per
1298 1619 1413 1660 plures
1430 1629 1574 1652 menses.
1614 1619 1837 1654 Postmodum
1861 1623 1972 1655 dictus

125 1672 314 1714 Imperator
329 1671 376 1703 ibi
402 1672 505 1714 elegit
527 1672 694 1703 vicarium
718 1672 896 1703 dominum
920 1671 1206 1704 Francischinum
1224 1671 1462 1714 Malaspinam‚
1488 1672 1524 1704 in
1542 1683 1608 1714 quo
1633 1674 1725 1705 stetit
1740 1680 1809 1706 tres
1826 1686 1971 1707 menses.

212 1724 344 1756 Eodem
369 1724 548 1756 millesimo
573 1731 607 1756 et
630 1724 841 1766 temporibus
865 1725 1116 1756 Cremonenses
1142 1724 1364 1766 expulserunt
1389 1725 1578 1756 1110311111113
1603 1725 1750 1758 civitatis
1774 1728 1891 1760 datum
1911 1739 1973 1770 per

124 1777 299 1808 dominum
323 1778 567 1819 Imperatorem
592 1783 625 1809 et
649 1778 750 1809 etiam
775 1783 888 1808 certos
912 1777 1022 1814 cives3
1047 1783 1081 1808 et
1105 1777 1262 1808 similiter
1286 1778 1380 1810 cives
1404 1777 1552 1820 Bryssye
1571 1779 1792 1820 expulserunt
1809 1781 1852 1812 de
1869 1779 1973 1824 Brys-

125 1841 186 1873 sya
210 1830 384 1861 dominum
408 1830 577 1862 Mat‘feum
603 1831 646 1861 de
670 1831 789 1862 Madio
816 1840 892 1861 cum
915 1830 983 1861 suis
1008 1829 1221 1872 sequacibus.
1268 1830 1469 1872 Imperator,
1495 1831 1553 1872 qui
1579 1837 1652 1862 erat
1675 1832 1712 1862 in
1737 1833 1877 1865 civitate
1895 1833 1972 1865 Me-

125 1883 264 1921 diolani,
288 1883 431 1914 recessit
453 1883 567 1914 statim
592 1889 625 1913 et
649 1883 709 1914 ivit
733 1882 952 1920 Cremonam,
976 1883 1071 1914 cuius
1095 1883 1248 1914 adventu
1271 1882 1518 1914 Cremonenses
1543 1883 1729 1916 timuerunt
1756 1892 1900 1927 propter
1923 1886 1969 1923 id,

123 1936 217 1978 quod
240 1936 413 1972 fecerant3
440 1941 473 1967 et
496 1935 726 1967 incontinenti
749 1936 927 1978 elegerunt
952 1941 1065 1967 certos
1089 1935 1182 1967 cives
1205 1936 1353 1967 maiores
1370 1936 1527 1975 civitatis,
1546 1942 1579 1968 et
1595 1937 1639 1968 de
1657 1937 1743 1975 aliis,
1761 1938 1820 1980 qui
1837 1938 1972 1970 iverunt

122 1988 259 2020 obviam
284 1989 423 2021 domino
447 1989 646 2030 Imperatori
671 1990 764 2021 circa
787 1998 883 2020 Lxxx
907 1990 1014 2021 solum
1039 1999 1115 2020 cum
1140 1989 1294 2021 interulis
1317 1988 1442 2021 indutis
1465 1995 1500 2020 et
1516 1990 1616 2021 nudis
1636 1991 1783 2031 pedibus
1800 1998 1834 2023 et
1850 1993 1971 2034 capiti-

123 2042 195 2080 bus,
221 2053 297 2073 cum
322 2042 459 2085 corigiis
484 2043 579 2074 circa
601 2043 727 2085 gulam,
753 2042 941 2074 clamantes
964 2048 999 2074 et
1021 2048 1178 2084 petentes
1203 2042 1487 2075 misericordiam.
1532 2042 1603 2080 Qui
1629 2044 1817 2085 imperator
1834 2056 1972 2087 respon-

124 2095 191 2126 dit:
216 2096 302 2137 Ego
325 2095 499 2126 concedam
524 2095 612 2126 vobis
644 2095 921 2136 mzkericordiam,
944 2096 1029 2126 sicut
1052 2095 1159 2137 dag-m*
1181 2095 1294 2136 critis;
1319 2101 1351 2126 et
1375 2095 1461 2126 fecit
1484 2105 1542 2126 eos
1574 2096 1651 2137 capi
1684 2102 1718 2128 et
1744 2095 1894 2129 conduci
1925 2099 1971 2130 ad

124 2148 280 2179 Castrum
297 2147 432 2179 leonem
445 2147 472 2185 43
491 2154 524 2179 et
540 2148 628 2180 fecit
644 2158 762 2180 omnes
786 2154 937 2180 mactare
955 2159 1033 2180 cum
1050 2147 1246 2185 securibus;
1265 2154 1300 2180 et
1315 2159 1377 2189 per
1395 2154 1462 2180 tres
1479 2148 1552 2180 dies
1569 2154 1603 2180 et
1626 2154 1677 2180 tot
1700 2155 1820 2181 noctes
1838 2151 1973 2182 duravit

123 2201 250 2232 occisio
274 2207 308 2233 et
330 2200 516 2232 mortalitas
539 2201 715 2232 hominum
738 2201 1011 2233 interfectorum.
1060 2201 1164 2233 Ratio
1187 2200 1235 2232 ibi
1259 2207 1394 2232 mortua
1418 2207 1500 2233 erat.
1547 2200 1605 2233 Ad
1629 2202 1772 2243 predam
1798 2203 1971 2245 dispoxuit

123 2253 239 2284 omnia
261 2253 407 2285 civitatis
430 2253 537 2291 bona3
563 2260 598 2285 et
620 2253 727 2285 nichil
750 2253 845 2285 aliud
869 2253 1069 2295 operabam,
1093 2253 1158 2285 nisi
1183 2253 1345 2286 occidere
1369 2253 1537 2292 homines,
1561 2264 1695 2295 pueros,
1713 2255 1891 2287 destruere
1910 2257 1971 2288 do-

123 2316 196 2337 mos
220 2312 252 2338 et
274 2306 465 2345 fortilicias,
490 2317 556 2348 que
582 2312 681 2338 erant
705 2307 799 2338 circa
824 2306 1011 2345 civitatem,
1037 2306 1193 2348 exceptis
1217 2306 1386 2339 ecclesiis.

209 2359 273 2391 Die
297 2368 405 2390 xxrm
429 2359 554 2400 aprelis
577 2359 718 2391 recessit
742 2360 785 2391 de
811 2360 905 2392 dicto
929 2360 1008 2392 loco
1033 2370 1111 2391 cum
1138 2360 1300 2398 exercitu,
1319 2366 1353 2392 et
1368 2360 1430 2392 ivit
1447 2359 1617 2402 Bryssiam
1643 2370 1721 2391 cum
1738 2361 1852 2392 multis
1867 2361 1970 2394 Lom-

121 2412 253 2449 bardis;
278 2418 313 2444 et
335 2412 383 2444 ibi
401 2412 495 2444 stetit
519 2413 563 2444 de
587 2422 704 2444 mense
729 2412 847 2449 madii,
872 2413 957 2456 junii
982 2420 1016 2444 et
1039 2413 1114 2456 julii
1132 2419 1166 2444 et
1183 2413 1311 2444 destrui
1327 2413 1413 2444 fecit
1437 2412 1633 2449 10111110135,
1649 2419 1683 2444 01
1701 2414 1875 2446 comburri
1898 2415 1971 2446 bla-

123 2465 184 2496 dos
193 2477 201 2502 3
225 2471 259 2496 et
281 2476 360 2497 cum
384 2464 558 2497 trabuchis
581 2465 719 2497 fortiter
743 2465 957 2507 inpugnabat
987 2466 1159 2498 civitatem
1184 2465 1242 2497 die
1268 2471 1451 2508 noctuque.
1500 2466 1560 2497 Set
1584 2465 1797 2498 habitatores
1822 2467 1970 2499 civitatis

122 2517 266 2550 viriliter
289 2528 326 2549 se
351 2518 598 2556 defendebant,
623 2524 657 2550 et
681 2519 835 2560 dapnum
852 2518 1036 2550 maximum
1052 2519 1249 2551 inferebant
1272 2518 1433 2562 gentibus
1457 2518 1500 2550 de
1517 2519 1671 2550 exercitu
1696 2529 1773 2551 cum
1790 2520 1857 2551 suis
1873 2531 1969 2552 man-

216 2637 324 2662 1.diet0
338 2637 466 2669 domino]
480 2645 545 2661 cum
559 2637 676 2661 domino
695 2637 720 2659 B
739 2637 816 2661 Mun.
840 2651 872 2655 —
891 2637 916 2662 6.
936 2637 1096 2670 millesimo]
1115 2645 1190 2662 anno
1210 2638 1287 2663 MUR.
1308 2651 1339 2655 -—
1364 2645 1402 2668 14.
1424 2638 1525 2662 multos
1546 2638 1635 2667 Mam
1660 2638 1746 2662 multa
1758 2639 1782 2662 Α
1797 2653 1828 2656 -
1844 2646 1887 2663 21.
1900 2640 1968 2664 Par-

123 2686 169 2704 ma
186 2679 210 2702 A
230 2693 263 2697 —
282 2685 322 2703 22.
336 2680 398 2710 dopo
411 2680 526 2711 pontem
540 2680 612 2702 breve
632 2678 727 2702 lacuna
745 2680 773 2702 z'n
793 2680 834 2706 xl:
854 2687 903 2702 non
922 2681 1021 2710 appare
1040 2680 1070 2703 in
1090 2680 1116 2703 B
1135 2680 1213 2705 MUR.
1234 2693 1267 2697 —
1288 2680 1329 2705 26.
1342 2680 1481 2704 vicarium
1501 2679 1627 2703 civitatis
1647 2679 1754 2712 datum]
1775 2681 1903 2705 civitatis
1923 2681 1970 2705 da-

125 2722 185 2744 tum
198 2721 240 2747 B,·
253 2721 371 2745 civitate
389 2721 485 2745 datum
504 2721 582 2745 Mun.
603 2735 635 2738 —
655 2726 697 2751 27.
717 2720 874 2752 dominum]
896 2721 1001 2745 dictum
1021 2722 1046 2744 B
1067 2722 1146 2746 Mun.
1166 2735 1198 2740 —-
1218 2728 1261 2752 31.
1280 2721 1373 2745 induti
1394 2721 1473 2746 MUR.
1493 2735 1526 2739 —
1547 2727 1588 2752 33.
1608 2721 1642 2744 ad
1663 2721 1756 2753 MmQ
1775 2730 1822 2745 om.
1843 2723 1866 2746 Λ
1881 2736 1911 2740 -
1927 2729 1969 2755 34.

123 2763 151 2786 et
169 2762 236 2787 fecit
255 2775 265 2780 -
285 2763 423 2787 securibus
441 2763 528 2786 scritto
543 2763 755 2793 posteriormente
774 2762 804 2785 in
822 2763 846 2786 A
866 2762 935 2785 dallo
954 2765 1029 2786 stesso
1047 2765 1144 2794 copista
1163 2771 1195 2786 su
1215 2764 1312 2787 lacuna

209 2830 217 2848 ¹
237 2833 301 2857 Non
322 2832 415 2857 Guido
441 2833 474 2857 da
501 2833 651 2864 Gavi-iugo,
676 2840 721 2856 ma
745 2833 840 2856 Guido
859 2834 887 2857 di
911 2833 1015 2857 Cocco-
1159 2833 1169 2847 ³³
1190 2835 1345 2858 Francesco
1366 2834 1506 2859 marehcse
1532 2834 1560 2858 di
1587 2834 1749 2859 Cravesana
1769 2834 1854 2866 (degli
1873 2835 1970 2860 Alera-

121 2876 188 2899 nato
206 2875 287 2899 conte
307 2875 334 2898 di
353 2875 485 2900 Radicate
504 2875 533 2899 fu
554 2875 573 2898 il
589 2875 696 2899 vicario
712 2875 844 2899 mandato
859 2876 893 2899 cla
908 2875 947 2900 Re
963 2877 1016 2899 Ar·
1071 2875 1160 2907 midi).
1181 2876 1211 2899 L.
1231 2876 1414 2905 ASTEGIANO,
1434 2879 1472 2906 op.
1492 2877 1548 2904 cit„
1569 2876 1602 2906 II,
1624 2882 1682 2906 205.

119 2918 190 2948 rigo.
210 2915 299 2946 Ass-f),
319 2920 357 2947 op.
377 2919 433 2945 cst„
453 2917 500 2947 IV,
524 2923 582 2948 172.
1160 2916 1171 2932 ⁴
1192 2917 1369 2942 Casteneone
1395 2918 1498 2942 situata
1518 2927 1532 2942 a
1551 2925 1584 2949 34
1603 2918 1653 2942 kil.
1674 2918 1752 2943 N-O.
1773 2918 1806 2942 da
1822 2917 1969 2943 Cremona.

206 2957 217 2973 ²
236 2958 256 2981 11
277 2959 378 2990 giorno
399 2966 431 2991 24
451 2960 481 2984 (11
500 2959 628 2984 febbraio
648 2966 694 2983 era
715 2967 750 2983 un
772 2957 898 2984 mai-tedi.

2002 2888 2031 2903 {O

2050 602 2126 625 Mona,
2138 604 2175 624 312

2047 1112 2064 1123 (τ.
2081 1110 2128 1128 7⁰⁷
