2307 3592
115 231 166 266 [A.
188 232 280 265 1309]
748 225 1059 261 CHRONICON
1088 225 1183 259 EST
1183 224 1318 260 ENSE
1904 223 1949 261 75

115 356 194 399 quia
217 366 305 398 aqua
321 355 406 387 Padi
424 361 569 396 corupta
592 360 664 386 erat
689 354 812 393 taliter,
837 355 931 397 quod
955 354 1078 397 aliquis
1102 364 1170 385 non
1193 353 1412 396 presumebat
1437 355 1569 395 operari
1593 355 1627 385 in
1643 354 1779 397 aliquo;
1805 361 1855 386 set
1872 366 1954 397 ope-

114 409 235 441 rabant
257 415 339 440 tunc
363 407 582 439 Ferarienses
605 418 727 449 aquam
752 407 796 439 de
821 407 968 449 Micana‚
993 407 1051 438 ubi
1076 412 1172 438 erant
1195 406 1402 445 molendina,
1420 416 1486 448 que
1511 406 1558 437 ibi
1582 407 1789 439 reduxerant
1812 415 1955 450 propter

114 471 271 504 guerram
287 460 487 502 predictam.
536 461 648 492 Etiam
671 459 766 492 multi
789 459 945 491 homines
970 460 1061 501 capti
1079 460 1219 491 fuerunt
1241 465 1275 491 et
1298 469 1366 490 non
1383 459 1515 497 mortui,
1532 465 1582 490 set
1598 460 1820 501 privaverunt
1835 471 1952 493 omnes

115 514 291 546 oculorum
315 513 457 550 1umine;
482 519 515 545 et
540 513 764 544 dimictebant
797 523 855 545 eos
887 513 935 544 ire
959 513 1138 551 Venetias‚
1163 519 1200 544 ut
1223 522 1311 544 nova
1336 518 1551 554 reportarent
1575 513 1632 544 eis.
1679 512 1707 543 F
1711 514 1899 545 erarienses
1923 521 1955 546 et

73 567 90 598 5
115 567 173 598 alii
196 566 394 608 Ravignani
419 572 482 598 etc.
507 566 700 598 habuerunt
716 566 877 598 navilium
902 572 1007 597 totum
1031 565 1252 603 Venetorum,
1276 576 1476 607 manganes,
1494 565 1632 597 balistas
1647 572 1681 597 et
1708 567 1785 598 alia.
1831 567 1886 598 Illi
1912 568 1955 599 de

115 620 282 658 Venetfis,
299 620 355 661 qui
380 625 477 650 erant
501 619 653 657 Paviole‚
678 619 743 649 hec
767 619 957 656 audientes,
982 618 1094 650 statim
1118 619 1235 661 fugam
1253 618 1468 660 arripuerunt
1485 629 1561 649 cum
1579 624 1651 650 toto
1675 629 1792 651 eorum
1809 620 1953 657 navilio;

116 679 166 704 set
189 672 409 704 Ferarienses
434 677 467 703 et
495 671 562 709 alii,
587 672 646 713 qui
669 671 716 703 ibi
741 677 849 709 erant,
874 671 984 702 secuti
1009 677 1086 702 sunt
1110 681 1168 702 eos
1191 681 1298 713 usque
1322 672 1499 709 marinam,
1523 677 1556 702 et
1580 671 1628 703 sic
1651 671 1796 704 liberata
1819 673 1885 704 fuit
1908 673 1956 704 ci-

114 725 200 757 vitas
224 727 252 758 F
255 726 382 757 errarie
407 725 450 756 de
474 724 631 756 manibus
654 725 862 765 perfidorum
886 724 1107 755 Venetorum.

202 778 246 809 Et
270 777 325 809 die
348 777 426 808 lune
449 777 559 818 primo
582 776 786 818 septembris
810 777 967 808 dominus
989 776 1193 808 Lambertus
1221 777 1264 808 de
1288 776 1430 808 Polenta
1455 787 1531 808 cum
1555 783 1627 810 toto
1653 778 1803 810 exercitu
1831 789 1890 811 suo
1922 786 1955 811 et

54 832 91 862 10
116 841 192 862 cum
209 840 333 873 magna
349 829 537 872 quantitate
561 830 590 861 F
593 829 820 866 erariensium‚
846 840 922 860 cum
939 829 1128 871 manganis,
1145 829 1289 861 navibus
1317 836 1350 861 et
1373 830 1448 861 aliis
1464 830 1625 862 hedifitiis
1649 830 1785 862 iverunt
1809 838 1954 863 castrum

115 883 291 915 Marcamo
315 882 349 913 in
374 882 531 914 districtu
563 882 732 913 Ravenne
747 883 755 899 ¹
782 888 816 913 et
839 881 1032 913 habuerunt
1055 882 1175 923 ipsum,
1208 888 1242 914 et
1265 892 1371 924 usque
1395 883 1439 913 ad
1463 883 1686 914 fundamenta
1717 884 1957 916 destruxerunt

114 942 231 968 totum.
277 935 468 968 Cardinalis
485 935 655 977 Pelagrua
672 934 841 966 concessit
857 933 1022 976 ma'gnam
1039 934 1288 976 indulgentiam
1305 935 1470 972 omnibus,
1488 935 1545 977 qui
1561 942 1703 967 venerat
1719 936 1753 967 in
1771 937 1954 969 subsidium

115 988 282 1026 Ecclesie‚
307 989 350 1020 de
374 987 530 1019 omnibus
546 988 699 1029 peccatis
716 997 844 1025 eoruin,
861 994 978 1028 preter
994 987 1101 1018 malos
1118 987 1259 1025 ablatos,
1277 994 1310 1019 et
1325 988 1511 1030 unicuique
1528 988 1684 1020 mictenti
1709 995 1831 1021 terram
1856 1001 1956 1032 super

115 1041 316 1082 corporibus
339 1046 547 1073 mortuorum
571 1040 744 1071 concessit
767 1039 916 1081 aliquam
933 1039 1179 1082 indulgentiam
1204 1046 1268 1071 etc.

54 1094 90 1126 15
202 1094 335 1125 Eodem
358 1092 537 1124 millesimo
561 1102 654 1124 XX111
679 1091 882 1134 septembris
897 1092 959 1131 illi,
985 1093 1042 1134 qui
1059 1099 1153 1124 erant
1170 1093 1203 1123 in
1228 1099 1341 1125 castro
1366 1093 1555 1132 Marcamo,
1573 1094 1786 1127 tradiderunt
1809 1102 1955 1128 castrum

116 1146 254 1178 domino
278 1145 464 1178 Lamberto
493 1147 536 1178 de
568 1145 713 1177 Polenta
737 1151 771 1176 et
807 1145 944 1176 domino
980 1145 1194 1177 Bernardino
1219 1146 1290 1188 ejus
1313 1146 1427 1183 fratri;
1453 1152 1487 1177 et
1511 1147 1705 1179 habuerunt
1727 1148 1889 1180 fiduciam
1912 1150 1956 1180 de

116 1210 232 1231 eorum
255 1200 411 1241 personis
434 1205 468 1230 et
491 1198 591 1230 armis
624 1204 657 1230 et
679 1198 849 1235 arnexiis;
875 1204 910 1230 et
933 1198 1018 1230 fecit
1041 1199 1115 1230 fieri
1140 1209 1198 1230 eos
1222 1199 1314 1231 cives
1337 1200 1521 1237 Ravenne;
1545 1206 1579 1232 et
1602 1200 1822 1233 Fer-arienses
1847 1203 1955 1234 conti-

116 1263 183 1284 nue
206 1252 437 1284 interfuerunt
459 1251 626 1283 omnibus.

204 1306 337 1337 Eodem
360 1305 550 1336 millesimo.
575 1305 708 1336 Rumo'r
731 1305 795 1336 fuit
818 1304 984 1336 maximus
1007 1305 1043 1336 in
1075 1305 1212 1337 civitate
1243 1305 1431 1338 Placentie.
1456 1306 1621 1339 Dominus
1644 1306 1807 1339 Albertus
1832 1309 1957 1341 Scotus

51 1360 92 1391 20
116 1369 194 1390 cum
217 1358 286 1390 suis
309 1357 515 1400 sequacibus
539 1357 761 1399 expulserunt
776 1363 981 1398 potestatem
996 1356 1007 1374 ²
1032 1364 1065 1389 et
1089 1358 1343 1399 stipendiarios,
1362 1358 1420 1400 qui
1445 1358 1492 1390 ibi
1516 1365 1613 1391 erant
1630 1370 1692 1401 pro
1709 1361 1848 1393 domino
1874 1362 1958 1393 Gui-

115 1412 206 1443 done
231 1412 273 1443 de
298 1411 332 1442 la
354 1410 450 1442 Turi.
475 1410 641 1442 Dominus
665 1409 854 1442 Ubertinus
878 1410 922 1442 de
945 1410 1069 1442 Lando
1094 1421 1170 1442 cum
1202 1411 1282 1449 suis,
1307 1412 1364 1453 qui
1389 1412 1580 1444 Ghibellini
1606 1413 1878 1454 appellabantur,
1903 1415 1957 1446 fu-

115 1470 238 1507 gerunt
262 1464 304 1496 de
329 1463 468 1495 civitate
493 1463 538 1494 ad
563 1469 711 1495 castrum
735 1462 958 1506 (javatterelli
971 1461 993 1500 ³,
1011 1468 1045 1494 et
1061 1463 1161 1495 valde
1185 1462 1272 1494 bene
1289 1465 1482 1496 munierunt
1506 1474 1592 1496 eum.
1638 1465 1871 1498 Incontinenti
1896 1467 1957 1498 do-

115 1517 226 1548 minus
248 1516 371 1548 Petrus
393 1515 601 1547 Mancaxola
614 1514 636 1553 ⁴,
661 1515 717 1558 qui
734 1521 886 1557 potestas
904 1521 977 1547 erat
993 1515 1128 1553 Parme,
1145 1516 1312 1558 equitavit
1329 1527 1406 1548 cum
1423 1523 1492 1548 tota
1516 1517 1639 1549 militia
1663 1524 1695 1549 et
1718 1518 1957 1559 stipendiariis,

115 1570 250 1607 Parme,
274 1579 382 1611 usque
406 1568 630 1601 Placentiam.
655 1569 754 1600 Tunc
779 1567 890 1600 dictus
913 1569 1071 1600 dominus
1094 1574 1243 1610 potestas
1267 1569 1435 1611 expiravit
1458 1575 1566 1601 morte
1589 1571 1735 1602 naturali
1757 1571 1794 1602 in
1819 1571 1958 1604 civitate

51 1623 90 1654 25
115 1622 305 1655 Placentie.
351 1622 452 1654 Tunc
475 1621 647 1664 Ugolinus
671 1621 714 1652 de
738 1621 944 1659 Manfredis,
980 1622 1037 1664 qui
1073 1628 1145 1654 erat
1178 1622 1385 1664 capitaneus,
1411 1623 1540 1655 electus
1569 1629 1619 1655 est
1641 1630 1792 1665 potestas
1821 1636 1885 1666 pro
1909 1635 1958 1657 xx

115 1675 245 1707 diebus.
291 1675 393 1707 Tunc
417 1674 574 1707 dominus
591 1674 705 1706 Guido
729 1674 772 1706 de
798 1674 830 1706 la
853 1675 965 1706 Turre
989 1675 1086 1706 mixit
1102 1675 1229 1706 milites
1253 1685 1331 1707 suos
1356 1681 1504 1707 castrum
1528 1676 1769 1720 Cavatterellh
1794 1684 1827 1709 et
1850 1679 1958 1710 homi-

116 1739 188 1768 nes,
212 1728 270 1770 qui
293 1728 506 1760 vocabantur
529 1726 674 1769 Antiqui
699 1727 743 1758 de
766 1727 887 1759 Castro
913 1734 1064 1763 arcoato‚
1089 1727 1282 1759 tractabant
1314 1728 1443 1760 dictum
1469 1735 1616 1761 castrum
1640 1730 1730 1761 tradi
1757 1730 1957 1763 Rolandino

116 1781 244 1824 Scorca
268 1787 301 1813 et
324 1780 428 1812 certis
452 1779 599 1822 bapnitis
623 1780 759 1819 Parme,
785 1780 844 1822 qui
869 1787 965 1812 erant
988 1781 1022 1811 in
1048 1781 1169 1812 Castro
1200 1781 1310 1812 sancti
1337 1781 1500 1823 Dopnini,
1525 1782 1659 1814 scilicet
1683 1783 1719 1813 in
1743 1783 1867 1826 Burgo.
1914 1785 1959 1816 Et

115 1845 192 1866 cum
216 1834 328 1866 dictus
351 1833 568 1866 Rolandinus
592 1833 658 1864 iam
683 1839 831 1865 castrum
863 1833 1021 1865 intrasset
1045 1845 1121 1866 cum
1145 1835 1213 1866 suis
1237 1835 1452 1877 sequacibus,
1484 1835 1543 1877 qui
1568 1836 1635 1867 iam
1666 1836 1830 1877 palatium
1854 1838 1959 1869 castri

49 1889 92 1920 30
115 1887 316 1925 habuerant,
339 1887 494 1919 homines
518 1886 601 1918 dicti
628 1887 729 1918 castri
763 1887 965 1918 occiderunt
997 1887 1127 1919 dictum
1159 1887 1391 1919 Rolandinum
1417 1888 1546 1931 Scorca
1576 1899 1653 1920 cum
1685 1899 1734 1921 Lx
1766 1890 1867 1928 sotiis,
1900 1891 1957 1932 qui

115 1951 193 1972 cum
217 1951 258 1972 eo
276 1946 373 1972 erant
389 1946 455 1972 etc.

202 1993 334 2026 Eodem
358 1992 537 2024 millesimo
563 1998 597 2024 et
620 1999 786 2034 tempore.
811 1993 932 2025 Dictus
949 1994 1106 2026 dominus
1122 1993 1283 2026 Albertus
1308 1994 1432 2026 Scotus
1456 1996 1628 2027 contraxit
1650 1995 1752 2038 ligam
1770 2006 1847 2028 cum
1872 1997 1957 2028 Par-

115 2045 298 2084 mensibus,
314 2045 522 2083 Mantuanis,
540 2045 806 2084 Veronensibus,
823 2046 982 2089 Reginis,
999 2046 1261 2086 Mutinensibus,
1278 2046 1554 2090 Bryssyensibus.
1594 2048 1640 2080 Et
1663 2048 1820 2080 dominus
1844 2049 1959 2082 Guido

117 2100 161 2131 de
184 2099 218 2131 la
240 2099 363 2137 Turre,
388 2098 446 2141 qui
469 2105 542 2130 erat
566 2098 722 2131 dominus
745 2098 944 2137 Mediolani,
969 2099 1066 2131 mixit
1090 2100 1212 2132 milites
1236 2111 1313 2132 suos
1338 2107 1372 2132 et
1395 2100 1554 2142 bapnitos
1577 2101 1699 2133 Parme
1731 2102 1776 2133 ad
1806 2102 1957 2145 Burgum

52 2153 91 2184 35
117 2152 226 2184 sancti
246 2152 411 2194 Dopnini.

203 2205 338 2237 Eodem
362 2205 540 2237 millesimo
564 2210 597 2237 et
614 2210 781 2247 tempore.
821 2203 963 2246 Bapniti
979 2206 1084 2237 Ianue
1101 2213 1265 2238 venerunt
1289 2207 1333 2238 ad
1357 2206 1529 2238 civitatem
1548 2207 1686 2246 dictam,
1710 2208 1842 2241 scilicet
1865 2209 1958 2247 Orei‚

118 2257 286 2290 Grimaldi
310 2268 387 2289 cum
412 2258 479 2290 suis
502 2257 715 2300 sequacibus.
761 2258 863 2289 Tunc
886 2264 1037 2300 potestas
1068 2259 1184 2297 Ianne,
1217 2259 1273 2301 qui
1304 2259 1494 2300 parmensis
1526 2267 1608 2299 erat,
1632 2261 1768 2292 nomine
1800 2261 1960 2293 dominus

117 2311 311 2342 Anthonius
328 2311 371 2342 de
389 2310 580 2349 Gualdinis‚
596 2310 740 2342 audiens
756 2311 823 2342 hoc
841 2321 919 2342 cum
937 2318 1030 2343 certa
1043 2318 1140 2353 parte
1156 2311 1371 2343 Ianuensium
1388 2312 1662 2347 intrinsecorum.
1676 2314 1811 2345 iverunt
1825 2313 1959 2345 obviam

117 2363 176 2401 eis,
201 2369 235 2394 et
258 2363 392 2394 insimul
416 2363 559 2405 prelium
576 2363 836 2401 commiserunt;
862 2370 895 2395 et
917 2370 1069 2396 mortuus
1086 2364 1153 2396 fuit
1168 2365 1325 2396 dominus
1341 2371 1492 2406 potestas
1508 2366 1692 2406 predictus.
1717 2366 1855 2408 Bapniti
1878 2377 1959 2398 vero

54 2417 95 2447 40
119 2416 202 2448 Orei
230 2422 264 2447 et
296 2416 465 2449 Grimaldi
487 2426 550 2458 per
572 2416 640 2447 vim
672 2416 848 2448 civitatem
874 2417 979 2448 Ianue
1003 2417 1217 2449 intraverunt
1249 2424 1283 2450 et
1313 2417 1521 2450 habitatores
1545 2419 1637 2450 cives
1664 2419 1769 2450 Ianue
1794 2420 1958 2461 expulxe-

117 2475 196 2500 runt
218 2474 313 2501 extra
337 2469 511 2502 civitatem
519 2481 528 2506 3
554 2474 588 2501 et
603 2469 638 2500 in
661 2469 731 2500 illis
755 2468 878 2501 diebus
901 2469 1004 2501 multe
1032 2470 1201 2502 novitates
1224 2470 1364 2501 fuerunt
1386 2470 1421 2501 in
1445 2471 1510 2503 illis
1533 2471 1695 2513 partibus.

208 2603 232 2621 2.
246 2598 276 2620 in
289 2596 420 2620 districtu
432 2596 566 2621 Ravenne
584 2605 644 2629 agg.
665 2597 695 2620 di
708 2598 798 2628 prima
818 2605 892 2620 mano
912 2597 955 2620 nel
973 2598 1092 2629 margine
1110 2599 1216 2621 sinistro
1235 2599 1263 2621 in
1277 2599 1300 2622 Α
1322 2611 1353 2615 -
1377 2606 1416 2630 14.
1435 2599 1530 2630 aliqua
1549 2599 1728 2631 indulgentia
1746 2600 1770 2623 A
1791 2613 1824 2618 —·
1846 2606 1884 2631 15.
1904 2601 1958 2625 Eo-

120 2638 183 2663 dem
202 2637 358 2669 millesimo]
379 2638 424 2662 die
444 2638 521 2663 Mun.
543 2652 553 2656 -
572 2639 634 2670 dopo
653 2645 729 2663 xxIn
749 2640 777 2662 in
796 2639 820 2662 A
839 2646 914 2670 segue
933 2638 1066 2664 februarii
1084 2639 1223 2664 cancellato
1243 2653 1275 2657 —
1296 2646 1338 2672 29.
1364 2641 1412 2672 qui
1431 2641 1525 2672 MUR.3
1545 2649 1590 2664 om.
1618 2642 1641 2664 A
1668 2654 1700 2658 —
1726 2640 1768 2673 36.
1795 2642 1958 2674 millesimo]

121 2686 195 2704 anno
214 2679 293 2705 Mun.

207 2753 215 2769 ¹
236 2754 366 2780 Marcahb
385 2757 482 2780 antico
503 2755 620 2780 castello
640 2755 687 2780 nel
706 2756 869 2780 Ravennate
889 2756 919 2780 in
941 2757 1008 2788 oggi
1158 2755 1167 2771 ²
1185 2757 1326 2789 Tignacca
1344 2757 1378 2781 de
1389 2758 1552 2782 Paravicini
1566 2758 1595 2783 di
1609 2758 1724 2783 Milano.
1745 2758 1791 2784 Cf.
1805 2759 1956 2789 PocGIAm,
1988 2767 2020 2784 ro

76 2803 89 2829 5
118 2797 304 2822 inter-amente
325 2798 471 2822 distrutto.
510 2789 531 2821 ὲ
551 2798 695 2822 ricordato
715 2797 749 2821 da
768 2799 878 2822 Dante:
1065 2802 1102 2829 op.
1123 2800 1178 2826 cit„
1198 2799 1245 2829 VI,
1266 2805 1309 2830 74.

274 2846 436 2870 Rimenbriti
454 2848 485 2870 di
501 2847 566 2870 Pier
585 2847 618 2870 da
637 2847 782 2874 Medicina,
1153 2840 1163 2855 ³
1183 2841 1371 2865 Zavuttarello
1390 2842 1463 2867 nella
1482 2844 1631 2874 provincia
1650 2843 1681 2867 di
1699 2843 1787 2868 Pavia
1811 2850 1828 2868 a
1855 2849 1884 2874 15
1909 2843 1955 2867 kil.

276 2888 308 2911 Se
328 2890 382 2911 mai
400 2891 472 2912 torni
489 2897 504 2912 a
522 2890 598 2912 verser
617 2889 641 2912 lo
660 2889 729 2912 dolce
743 2890 836 2920 piano,
1065 2882 1181 2907 N·N·0·
1203 2883 1238 2907 (la
1258 2883 1374 2907 BObbiO·

279 2930 330 2953 Che
349 2931 382 2954 da
407 2931 518 2955 Vercello
537 2939 552 2954 a
570 2932 692 2954 Marma,
711 2931 826 2955 ,mm-na,
1152 2924 1161 2939 ⁴
1182 2925 1294 2949 Genero
1313 2925 1340 2948 di
1360 2925 1477 2949 Alberto
1495 2926 1594 2951 Scotti.
1614 2926 1660 2952 Ct‘.
1678 2928 1830 2958 Poccmm,
1848 2931 1887 2959 op.
1900 2929 1955 2954 cit„

663 2977 710 3004 sus.
728 2978 842 3002 xxvm,
859 2977 932 3000 73-75.
1066 2966 1112 2996 VJ,
1134 2966 1174 2996 76.

1987 2972 2016 2998 15

2033 950 2105 971 Mun..
2124 950 2160 970 308
