2297 3476
162 835 180 847 e,
198 833 244 850 nv

115 2077 189 2097 Mun..
209 2074 248 2095 337

326 161 372 195 34
966 152 1277 188 CHRONICON
1305 149 1534 186 ESTENSE
2001 153 2052 188 [A.
2074 154 2164 187 1259]

322 289 558 322 Marchionem
582 293 748 318 estensem
773 290 807 316 et
835 284 1041 316 Mantuanos
1064 282 1208 314 nuncios
1232 281 1431 324 dirigentes,
1455 289 1577 322 pacem
1601 284 1636 311 et
1659 279 1849 311 sotietatem
1873 280 1960 312 inter
1984 290 2018 311 se
2047 279 2165 310 firmis-

321 343 440 374 simam
465 340 684 377 statuerunt¹‚
708 338 801 380 quod
818 336 1024 368 unanimiter
1050 340 1169 366 contra
1191 340 1373 378 tyrapnum
1399 332 1669 365 crudelissimum
1693 332 1907 371 dimicarent,
1932 332 1994 364 sibi
2018 332 2164 364 invicem

320 394 453 426 ardenti
478 392 593 425 animo
617 391 870 433 promictentes.
917 388 1096 420 Mediante
1128 388 1268 428 insuper
1290 386 1459 418 industria
1481 385 1631 417 Boxonis
1663 385 1706 416 de
1737 384 1898 423 Dovaria‚
1922 385 1979 427 qui
2010 384 2165 427 vigilanti

322 447 433 479 studio
457 444 639 488 cogitabat,
664 443 810 486 qualiter
837 447 952 483 posset
984 441 1117 472 leonem
1149 439 1352 471 indomitum
1384 444 1419 470 et
1450 437 1701 469 ferocissimum
1732 437 1904 475 edomare,
1936 437 2166 480 antiquissima

321 500 380 531 illa
415 504 448 530 et
479 496 697 528 inexorabilis
733 494 907 526 discordia
937 492 1245 525 Mediolanensium
1277 498 1311 523 et
1344 490 1628 522 Cremonensium
1660 495 1709 521 est
1743 490 1878 527 sedata3
1907 491 2070 532 factaque
2103 490 2166 521 fuit

322 563 399 584 cum
415 560 545 583 summo
562 549 688 592 gaudio
705 548 879 590 utriusque
896 546 1040 578 civitatis
1056 556 1125 587 pax
1141 545 1332 576 firmissima
1348 544 1437 575 inter
1453 553 1522 575 eos.
1567 543 1690 575 Sciens
1713 553 1859 585 namque
1883 542 2167 584 prudentissimus

319 606 427 643 Boxo,
451 604 588 634 minime
613 607 721 633 tutum
753 610 825 632 esse
849 599 962 631 vicino
986 603 1143 640 serpente
1177 597 1337 635 dormire,
1361 596 1471 627 modis
1496 595 1651 628 omnibus
1673 595 1881 637 procurabat
1909 605 2044 627 ornnem
2075 595 2166 626 viam

322 656 546 689 contrahendi
562 654 744 686 amicitiam
763 658 797 685 et
813 651 1059 695 augmentandi
1075 651 1165 682 vires
1188 650 1394 692 precludere
1412 649 1579 681 Ecellino.
1628 648 1754 691 sicque
1771 648 1903 680 factum
1919 654 1979 680 est.
2018 648 2166 679 Domino

319 712 563 751 cohoperante,
589 707 647 750 qui
669 706 764 738 novit
787 704 1015 747 investigabili
1039 704 1142 735 modo
1160 704 1267 735 elatos
1291 701 1485 744 deprimere
1511 707 1544 733 et
1567 702 1610 733 de
1635 701 1706 733 luto
1730 701 1818 733 fecis
1841 701 1974 744 erigere
1991 701 2034 732 de
2057 701 2166 732 salute

320 763 463 806 propria
486 761 719 802 desperantes,
744 759 837 801 quod
860 768 940 800 pars
962 758 1109 788 maxima
1121 755 1330 788 Lombardie
1354 755 1458 787 corde
1483 754 1700 796 volunptario
1725 754 1888 785 adversus
1903 753 2078 785 inimicum
2099 753 2167 784 Dei

320 822 354 848 et
376 815 550 847 hominum
583 812 783 846 coniuravit.
829 812 874 843 Et
897 811 1018 842 merito
1042 809 1122 842 hoc'
1148 821 1168 842 a
1191 808 1338 841 Domino
1367 814 1418 840 est
1441 808 1625 850 provisum,
1649 813 1687 839 ut
1709 806 1848 848 esse[n]t
1870 817 1990 838 manus
2014 806 2167 839 omnium

319 875 440 902 contra
463 878 550 905 eum,
577 866 673 898 cuius
704 876 824 897 manus
847 863 953 905 impie
984 873 1093 907 genus
1116 862 1292 894 hominum
1324 861 1534 897 affiixerunt;
1567 860 1640 902 ipse
1672 869 1820 902 namque
1852 859 2001 892 turbavit
2032 865 2168 898 terram,

321 921 494 954 concussit
517 929 636 962 regna,
659 918 837 950 interfecit
860 917 1008 959 populos
1033 921 1067 947 et
1089 915 1246 947 civitates
1270 913 1432 956 plurimas
1464 913 1640 945 desolavit.
1687 913 1777 945 Nam
1801 912 1898 955 quasi
1922 917 2015 944 ortus
2038 912 2169 944 volum-

318 974 424 1017 ptatis
457 979 530 1005 erat
559 971 720 1004 Marchia
743 970 920 1007 trivixana,
944 969 1140 1011 priusquam
1168 968 1240 1000 eius
1271 966 1480 1010 tyrampnidi
1507 966 1728 1003 subderetur3
1753 971 1803 997 set
1825 971 2006 1007 postquam
2029 964 2095 996 fuit
2126 964 2170 996 ab

322 1038 363 1059 eo
396 1027 530 1064 afflicta,
562 1024 819 1066 comparatione
841 1023 965 1065 prioris
996 1027 1113 1060 status,
1136 1021 1271 1053 videtur
1299 1031 1372 1052 esse
1396 1019 1527 1051 heremi
1559 1019 1716 1050 solitudo.
1764 1019 1952 1050 Testantur
1974 1018 2042 1050 hoc
2073 1017 2168 1049 ruine

321 1081 506 1117 civitatum,
530 1079 688 1111 villarum
711 1077 841 1118 pariter
864 1082 897 1109 et
921 1081 1126 1112 castrorum;
1151 1084 1216 1106 nec
1241 1074 1273 1105 ei
1297 1073 1452 1105 sufficere
1475 1072 1656 1104 videbatur
1682 1072 1858 1114 regionem
1890 1071 1953 1103 sibi
1984 1070 2171 1103 subiectam

320 1134 497 1175 dissipare,
522 1138 574 1164 set
608 1131 738 1173 legatos
772 1129 934 1161 mictebat
965 1129 1010 1160 ad
1041 1134 1175 1160 exteras
1202 1126 1370 1165 nationes,
1401 1131 1438 1157 ut
1469 1131 1589 1157 contra
1613 1135 1789 1157 romanam
1815 1123 2006 1156 Ecclesiam
2036 1129 2069 1155 et
2099 1123 2171 1155 eius

319 1187 440 1220 fideles
471 1194 571 1228 reges
603 1184 695 1216 orbis
726 1189 760 1215 et
791 1182 965 1225 principes
1001 1181 1200 1213 concitaret.
1247 1179 1375 1211 Nuncii
1406 1188 1552 1220 namque
1583 1178 1688 1220 ipsius
1719 1177 1853 1209 solliciti
1884 1183 1917 1208 et
1940 1177 2079 1209 veloces
2108 1187 2171 1218 per

321 1240 472 1271 diversas
495 1237 688 1280 provincias
712 1235 946 1271 discurebant3
972 1245 1062 1266 nunc
1087 1233 1180 1265 ibant
1204 1233 1248 1264 ad
1272 1233 1400 1264 curiam
1432 1231 1571 1263 maximi
1597 1230 1768 1268 Federici‚
1799 1240 1889 1261 nunc
1923 1230 1966 1261 ad
1996 1229 2170 1271 principes

320 1292 500 1324 Alemanie
525 1291 569 1322 ad
592 1290 818 1322 sedictionem
843 1294 876 1320 et
895 1287 1101 1319 discordiam
1118 1286 1328 1322 excitandos,
1345 1295 1437 1316 nunc
1461 1285 1506 1316 ad
1529 1294 1646 1326 regem
1661 1282 1815 1326 Ungarie
1839 1293 1903 1324 pro
1924 1282 2070 1314 amicitia
2085 1281 2171 1314 obti-

322 1345 445 1384 nenda,
476 1355 612 1376 necnon
644 1343 686 1374 ad
718 1341 938 1374 fortissimum
970 1350 1085 1382 regem
1110 1339 1260 1372 Castelle
1291 1338 1493 1381 pergebant,
1526 1337 1580 1369 cui
1611 1337 1773 1379 Regnum
1797 1336 1959 1379 ytalicum
1988 1336 2172 1367 seminator

323 1399 493 1430 discordie
517 1396 752 1439 promictebat,
776 1400 813 1426 ut
836 1395 864 1425 si
887 1393 961 1425 fieri
983 1398 1099 1435 posset
1121 1397 1229 1425 totum
1252 1391 1415 1423 mundum
1437 1391 1601 1422 adversus
1624 1390 1818 1422 Ecclesiam
1842 1394 2056 1430 provocaret.
2103 1388 2174 1420 Cor

321 1452 491 1495 siquidem
514 1449 703 1491 impiissimi
719 1447 866 1480 Ecellini
884 1452 955 1478 erat
972 1446 1130 1478 continue
1148 1445 1244 1486 quasi
1261 1455 1352 1476 mare
1370 1444 1521 1482 fervens,
1538 1444 1631 1486 quod
1647 1442 1824 1485 quiescere
1842 1453 2025 1484 numquam
2041 1448 2171 1483 potest3

322 1506 369 1536 nil
395 1504 484 1536 enim
510 1503 588 1534 mali
612 1501 753 1544 putabat
776 1511 849 1532 esse
881 1506 1004 1537 actum,
1031 1509 1107 1530 cum
1132 1498 1265 1540 aliquid
1296 1503 1490 1539 superesset
1521 1496 1702 1540 agendum.
1749 1495 1853 1527 Unde
1877 1495 1988 1527 modis
2018 1494 2173 1526 omnibus

323 1557 458 1590 assidue
483 1555 656 1599 cogitabat
674 1565 751 1586 cum
768 1553 924 1585 instantia
941 1551 1135 1584 vehementi
1152 1551 1281 1582 addere
1298 1550 1423 1581 malum
1447 1549 1538 1582 malo
1557 1555 1590 1581 et
1607 1549 1817 1591 iniquitatem
1841 1559 1944 1589 super
1959 1548 2173 1590 iniquitatem

324 1620 508 1653 apponere,
534 1608 629 1652 quasi
651 1608 783 1645 timens,
808 1618 851 1638 ne
876 1612 1008 1647 tempus
1032 1605 1096 1636 sibi
1120 1605 1282 1636 deficeret
1314 1603 1359 1635 ad
1382 1614 1457 1634 suas
1482 1602 1749 1634 machinationes
1778 1608 1811 1633 et
1843 1601 2042 1633 dolositates
2073 1601 2174 1642 inop-

322 1663 491 1706 pinabiles
522 1672 625 1704 opere
659 1660 902 1702 adimplendas.
949 1659 1024 1690 Hiis
1047 1658 1095 1690 ita
1126 1657 1276 1690 breviter
1300 1656 1455 1694 exaratis,
1487 1656 1532 1687 ad
1563 1654 1828 1687 describendum
1859 1654 2075 1698 tyranpnidis
2101 1655 2174 1685 eius

323 1717 450 1749 exitum
473 1714 690 1747 accedamus.

798 1818 984 1851 MCCLIX
1008 1818 1102 1849 circa
1124 1817 1333 1859 principium
1357 1816 1482 1847 mensis
1506 1815 1719 1858 septembris.

410 1904 513 1935 Anno
538 1903 655 1944 itaque
679 1900 846 1938 revoluto,
869 1904 1049 1941 postquam
1073 1896 1246 1941 Bryssiam
1271 1897 1465 1929 obtinuerat
1481 1895 1666 1934 Ecellinus,
1683 1896 1777 1928 circa
1793 1895 2002 1937 principium
2025 1901 2174 1937 septem-

323 1957 402 1996 bris,
426 1958 499 2000 ipse
525 1954 749 1997 congregavit
773 1952 961 1984 exercitum
985 1951 1162 1993 copiosum
1186 1951 1426 1993 processitque
1451 1951 1494 1982 de
1517 1950 1656 1992 Bryssia
1680 1950 1715 1980 in
1739 1959 1842 1980 manu
1858 1948 1974 1980 valida
1997 1954 2030 1980 et
2047 1954 2175 1980 castra-

322 2016 467 2043 metatus
499 2014 551 2040 est
581 2009 617 2039 in
649 2005 899 2048 campestribus
933 2005 1126 2037 Urceorum
1159 2010 1192 2036 et
1223 2004 1348 2042 omnia,
1384 2014 1449 2045 que
1482 2003 1578 2035 circa
1609 2002 1803 2044 predictum
1835 2007 1983 2033 castrum
2015 2001 2050 2032 in
2083 2001 2174 2043 agris

324 2069 431 2103 erant,
456 2061 655 2095 devastavit.
704 2058 785 2096 Quo
809 2059 938 2097 audito,
957 2057 1217 2094 Cremonenses,
1235 2056 1355 2088 amicis
1371 2057 1523 2098 undique
1540 2055 1748 2094 convocatis,
1767 2054 1945 2086 exiverunt
1961 2053 2175 2086 una'nimiter

326 2124 447 2149 contra
471 2127 558 2153 eum,
578 2121 612 2146 et
627 2114 720 2145 iuxta
743 2112 930 2144 Succinum
945 2112 955 2128 2
973 2116 1121 2143 castrum
1139 2120 1236 2141 suum
1254 2109 1427 2152 tenptoria
1449 2115 1647 2151 posuerunt.
1672 2109 1711 2140 In
1736 2119 1879 2151 quorum
1895 2107 2059 2140 auxilium
2074 2107 2175 2139 Man-

323 2170 418 2203 tuani
442 2175 476 2202 et
499 2168 718 2201 Ferarienses
743 2177 821 2198 cum
845 2165 1049 2197 Marchione
1075 2163 1201 2195 estensi
1228 2163 1411 2206 magnifice
1443 2168 1521 2195 sunt
1551 2162 1714 2205 profecti.
1760 2161 2042 2193 Mediolanenses
2072 2161 2176 2193 etiam

324 2230 445 2255 contra
467 2222 585 2264 lupum
608 2219 866 2262 rapacissimum
891 2218 1007 2250 venire
1031 2216 1259 2249 communiter
1281 2216 1523 2258 promiserunt.
1570 2215 1657 2247 Cum
1689 2224 1773 2257 ergo
1797 2220 1911 2247 essent
1933 2213 2068 2245 insimul
2093 2223 2177 2246 con-

326 2275 471 2319 gregati,
497 2278 663 2315 ceperunt
686 2281 873 2314 preparare
898 2280 934 2302 se
959 2270 1004 2302 ad
1028 2274 1150 2312 pontes
1174 2279 1277 2311 super
1300 2269 1427 2301 flumen
1451 2267 1529 2300 Olei
1547 2267 1781 2306 fabricandos,
1797 2273 1834 2298 ut
1856 2272 2005 2309 possent,
2033 2265 2176 2298 venien-

327 2329 416 2361 tibus
437 2325 767 2363 Mediolanensibus,
790 2324 937 2357 transire
962 2323 1006 2354 ad
1028 2328 1212 2366 tyrapnum
1234 2322 1403 2364 perfidum
1427 2321 1670 2353 invadendum.
1717 2320 1855 2352 Interea
1872 2320 1952 2352 dum
1969 2320 2035 2351 hec
2059 2319 2176 2351 facere

417 2481 441 2505 S.
461 2479 635 2513 precludere]
650 2478 794 2510 preludere
814 2477 848 2506 A,
859 2478 947 2501 scrz'tto
963 2478 1175 2508 posteriormfnte
1188 2475 1258 2500 dallo
1271 2478 1346 2499 stesso
1359 2476 1456 2507 copz'sta
1468 2477 1544 2506 sopra
1558 2482 1609 2498 uno
1628 2475 1713 2505 spazt'o
1725 2473 1830 2497 lascz'ato
1850 2474 1879 2496 in
1898 2474 1987 2496 blanco
2008 2485 2040 2490 —
2059 2479 2084 2504 9.
2104 2471 2176 2496 fecis

330 2524 358 2545 :¹11
377 2523 400 2545 A
421 2523 510 2546 scritto
524 2523 738 2553 posteriormcnte
758 2520 827 2543 dallo
846 2523 921 2543 stesso
940 2520 1037 2550 copista
1051 2522 1102 2550 per
1120 2519 1245 2550 rz'empz're
1264 2526 1318 2542 una
1338 2518 1440 2542 lacuna.
1467 2530 1500 2534 -—
1522 2523 1562 2541 12.
1588 2518 1691 2541 terram
1717 2524 1809 2539 manca
1828 2516 1856 2539 in
1875 2516 1902 2538 B
1919 2515 1996 2539 TMUR.
2018 2527 2050 2531 —-
2073 2521 2112 2546 13.
2131 2513 2177 2538 de-

329 2566 446 2598 solavit]
458 2566 613 2591 descolavit
632 2566 655 2588 A
666 2578 677 2583 -
691 2566 769 2589 ortus
782 2565 871 2588 scritto
882 2564 1094 2595 posfcriormente
1108 2564 1135 2585 in
1150 2563 1173 2585 A
1194 2563 1263 2586 dallo
1276 2565 1351 2586 stesso
1370 2562 1467 2593 copi-'sta
1481 2574 1513 2579 —-
1530 2567 1570 2592 15.
1589 2560 1810 2593 comparationis
1827 2560 1851 2583 A
1862 2572 1873 2578 -
1890 2560 2034 2583 videretur
2051 2559 2075 2582 A
2087 2571 2098 2576 -
2117 2559 2179 2588 dopo

328 2618 387 2635 esse
406 2611 482 2635 Mna.
502 2618 561 2642 agg.
582 2610 663 2641 peior
683 2616 764 2641 quam
785 2621 795 2626 -
816 2608 881 2639 hoc]
896 2608 947 2632 hec
965 2607 989 2631 A
1008 2621 1040 2624 —
1063 2612 1102 2637 17.
1122 2607 1157 2631 ad
1177 2606 1298 2638 exteras]
1318 2606 1353 2631 ad
1373 2606 1503 2630 dexteras
1517 2606 1540 2629 A
1560 2619 1592 2622 —
1614 2605 1655 2630 18.
1674 2604 1790 2628 Nuntiis
1809 2604 1885 2628 MUR.
1901 2616 1933 2620 -—-
1955 2610 1997 2627 20.
2016 2602 2179 2626 excitandas

332 2656 408 2680 Mun.
430 2668 463 2672 -
484 2660 526 2685 25.
546 2662 628 2687 super
646 2653 799 2684 iniquitate
813 2653 838 2675 B
857 2651 934 2676 Mm.
956 2665 989 2669 —
1010 2658 1050 2683 29.
1071 2650 1229 2681 MCCLIX]
1250 2650 1384 2676 MCCLX
1402 2649 1446 2673 A·
1466 2650 1603 2674 circa....
1623 2648 1789 2680 septembris
1809 2655 1854 2671 om.
1876 2647 1953 2672 Mun.
1973 2660 2006 2664 —
2027 2652 2117 2677 31-32·
2135 2653 2179 2670 ca-

330 2701 532 2723 stramentatus
551 2698 574 2721 A

421 2785 427 2801 ¹
448 2787 552 2811 Nell'11
578 2787 607 2811 di
633 2786 739 2818 giugno
765 2785 796 2810 fu
821 2785 954 2809 conclusa
973 2783 1115 2808 l’alleanza
1141 2783 1186 2808 fra
1211 2783 1231 2807 il
1287 2783 1332 2808 Cf.
1353 2783 1455 2811 Vmor,
1480 2783 1538 2806 Coa'.
1555 2782 1626 2809 cccl„
1639 2781 1699 2805 doc.
1716 2787 1776 2812 242,
1790 2788 1838 2813 pp.
1851 2787 1951 2812 404-10
1970 2787 1984 2804 e
1998 2779 2030 2803 C.
2045 2778 2181 2805 Cmonm.

332 2828 473 2852 marchese
493 2828 677 2855 Palhrvicino,
703 2827 796 2850 Buoso
818 2826 852 2850 da
879 2827 1003 2855 Dovara,
1023 2826 1098 2850 Azzo
1124 2825 1231 2854 d’Este,
1284 2826 1408 2856 Darapsa·
1421 2825 1446 2847 la
1459 2825 1539 2847 storia
1553 2823 1618 2846 delle
1632 2822 1708 2846 relax.
1724 2821 1889 2852 dl'plom.fmz
1915 2821 2014 2844 Verona
2033 2828 2045 2843 ε
2058 2820 2181 2842 Mantum

332 2870 478 2894 Lodovico
498 2869 526 2893 di
545 2869 600 2894 San
621 2868 771 2892 Bonifacio
786 2869 869 2892 conte
883 2868 912 2892 di
928 2868 1041 2891 Verona
1055 2868 1092 2891 ei
1107 2866 1231 2891 Comuni
1286 2867 1329 2890 nel
1346 2873 1393 2890 sec.
1412 2865 1495 2893 XIII,
1514 2865 1630 2894 Milano,
1648 2871 1726 2895 1901,
1741 2864 1818 2888 doce.
1838 2870 1879 2895 29,
1900 2869 1943 2894 30,
1958 2869 1999 2893 31,
2020 2867 2063 2893 32,
2077 2868 2119 2893 33.
2139 2868 2181 2893 34.

274 2919 307 2945 ro
333 2912 362 2936 di
381 2911 497 2935 Fer-rara
516 2918 531 2934 e
551 2911 688 2934 Mantova
707 2917 721 2933 e
740 2909 856 2934 Padova
881 2910 908 2933 ai
928 2908 1014 2933 danni
1037 2908 1067 2932 di
1093 2907 1230 2933 Ezzelino.
1374 2905 1385 2922 ²
1404 2907 1530 2933 Soncino
1550 2913 1646 2939 presso
1666 2904 1780 2937 l'Oglio
1799 2904 1834 2929 ad
1855 2904 1963 2929 oriente
1983 2904 2013 2928 di
2035 2901 2147 2927 Crema-

2195 753 2232 784 10

2197 1017 2233 1048 15

2196 1284 2237 1313 20

2197 1549 2214 1578 [0

2220 1547 2236 1578 υι
