2297 3476
37 1199 110 1220 'licum
126 1198 162 1216 35⁴

244 172 291 206 62
883 169 1194 205 CHRONICON
1222 169 1391 205 ESTEN
1395 169 1452 204 SE
1786 176 1870 210 [AA.
1891 178 2087 210 1305-1306]

241 307 399 334 taverunt
417 301 538 332 eodem
556 299 611 331 die
629 300 847 341 Goncagam:
868 304 920 330 set
936 304 1079 339 propter
1096 297 1349 330 multitudinem
1366 298 1557 340 pluviarum
1575 304 1608 329 et
1625 308 1799 341 aquarum,
1817 310 1885 332 non
1902 305 2088 341 potuerunt

243 367 319 387 cum
343 354 495 386 exercitu
519 358 622 384 stare.

328 407 391 439 Die
409 406 515 438 sabati
533 416 570 437 Χῖ
588 405 714 436 mensis
731 404 933 443 decembris,
948 404 1105 435 dominus
1122 403 1327 436 Bonefatius
1342 404 1472 446 Lupus,
1489 404 1608 446 Lupus
1625 405 1668 436 de
1689 404 1806 446 Lupis,
1824 406 1932 438 Gilius
1957 407 2087 448 Scorca

241 467 276 493 et
299 461 384 492 filius
408 461 490 502 ejus,
516 458 700 500 Iacopinus
725 456 768 490 de
794 457 937 496 Rubeis,
963 457 1146 498 Iacopinus
1171 457 1215 488 de
1248 457 1404 500 Soragna
1428 463 1461 489 et
1489 457 1605 499 plures
1629 457 1686 488 alii
1718 458 1853 499 bapniti
1876 459 2086 491 intraverunt

243 514 449 547 Soraneam¹
475 518 510 544 et
534 517 701 553 ceperunt
725 511 898 549 custodes,
915 511 973 553 qui
990 510 1039 541 ibi
1057 517 1154 542 erant
1169 521 1232 552 pro
1257 511 1395 543 comuni
1420 511 1553 548 Parme,
1571 517 1605 542 et
1629 511 1901 544 fortificaverunt
1924 512 2087 555 burgum:

241 572 382 609 propter
406 566 498 608 quod
521 564 696 607 potestas²
720 564 844 595 Parme
870 563 1098 595 incontinenti
1124 563 1292 606 equitavit
1324 574 1402 595 cum
1425 569 1497 595 tota
1528 564 1649 595 militia
1683 565 1727 596 ad
1760 564 1932 596 civitatem
1956 564 2088 602 Parme,

243 633 283 653 ac
309 621 410 652 etiam
427 619 584 651 dominus
602 618 788 650 Ghibertus
807 618 850 649 de
868 617 1009 660 Corigia
1024 617 1189 649 defensor
1204 617 1322 659 populi
1348 628 1424 649 cum
1442 627 1566 661 magna
1590 617 1804 659 quantita[te]
1820 618 1939 659 populi
1955 618 2088 656 Parme,

240 673 405 705 habentes
428 681 624 715 manganos,
648 670 798 708 balistas,
818 676 852 701 et
868 676 1056 711 posuerunt
1073 680 1109 701 se
1125 670 1159 701 in
1177 670 1333 702 exercitu
1359 670 1451 702 circa
1470 670 1596 702 dictam
1613 669 1803 702 Soraneam
1820 676 1854 702 et
1869 670 1917 702 ibi
1933 670 2090 703 fecerunt

240 729 365 759 festum
390 725 577 757 nativitatis
595 724 725 756 domini
742 723 850 755 nostri
868 723 988 755 Yhesu
1005 723 1140 755 Christi.
1187 724 1232 755 Et
1249 723 1282 754 in
1300 724 1391 755 festo
1408 723 1517 755 sancti
1535 723 1694 755 Iohannis
1711 723 1930 767 Evangeliste
1942 722 1953 739 ³
1970 729 2090 767 gentes

243 782 285 813 de
311 786 422 811 castro
447 783 614 811 venerunt
646 777 690 810 ad
721 782 888 819 precepta
919 776 1047 808 domini
1081 777 1238 809 Ghiberti
1274 775 1317 808 de
1342 776 1482 819 Corigia
1511 782 1544 809 et
1568 782 1783 808 recesserunt
1814 775 1857 808 de
1890 776 1983 809 dicto
2015 777 2090 808 1000

242 845 318 866 cum
343 844 458 865 eorum
483 831 587 863 armis
612 837 646 862 et
671 830 840 866 arnexiis3
867 836 901 861 et
925 830 1036 862 dictus
1061 830 1157 861 locus
1174 830 1240 861 fuit
1256 829 1454 872 derupatus.
1501 830 1635 861 Tamen
1653 829 1810 861 dominus
1825 829 1984 862 Marchio
2009 839 2091 862 con-

242 888 334 920 tinue
358 885 530 919 comburri
554 883 705 916 faciebat
729 894 831 925 super
863 883 1056 915 districtum
1079 883 1204 915 Parme
1236 889 1269 915 et
1294 883 1469 920 derobari:
1494 888 1528 914 et
1551 883 1618 914 hoc
1643 882 1738 921 fecit,
1762 889 1799 914 ut
1824 883 1993 915 exercitus
2016 893 2092 925 pre-

242 940 341 972 dictis
366 944 514 970 cessaret
539 948 559 969 a
583 937 677 969 dicto
703 942 838 969 castro:
864 942 898 968 et
924 936 1029 967 nichil
1052 936 1194 977 profuit,
1219 937 1331 968 donec
1349 941 1497 967 castrum
1515 945 1550 967 se
1575 935 1730 968 reddidit
1753 942 1789 967 ut
1813 946 1924 978 supra.
1968 935 2092 968 Postea

242 993 401 1026 dominus
425 991 610 1024 Ghibertus
632 989 808 1032 predictus
833 989 976 1021 tradidit
1001 989 1086 1021 duas
1109 1000 1188 1021 suas
1211 989 1297 1021 filias
1320 990 1354 1020 in
1378 999 1512 1027 uxores,
1529 988 1693 1021 videlicet
1716 999 1818 1020 unam
1832 988 1842 1004 ⁴
1866 988 2006 1021 domino
2030 987 2091 1019 Al-

243 1047 346 1079 buino
370 1047 414 1077 de
438 1045 470 1076 la
495 1045 608 1083 Scala,
633 1042 758 1075 aliam5
782 1053 865 1075 vero
890 1042 959 1074 filio
984 1042 1113 1074 domini
1136 1042 1309 1074 Passarini
1333 1043 1376 1074 de
1402 1041 1604 1074 Bonacosiis
1628 1042 1672 1073 de
1697 1041 1851 1074 Mantua.

331 1099 466 1130 Eodem
490 1097 682 1128 millesimo.
706 1096 874 1127 Dominus
898 1094 992 1126 dux⁶
1017 1095 1104 1127 filius
1121 1095 1214 1138 regis
1231 1095 1354 1127 Karoli
1379 1095 1422 1126 de
1446 1094 1575 1136 Apulia
1598 1094 1661 1126 ivit
1685 1095 1718 1125 in
1742 1094 1929 1127 subsidium
1950 1095 2092 1126 Floren-

241 1154 389 1185 tinorum
414 1157 448 1183 et
471 1151 580 1193 partis
603 1150 732 1193 gueste,
756 1156 790 1181 et
812 1159 881 1180 una
906 1159 982 1180 cum
1000 1148 1101 1180 dictis
1114 1148 1322 1180 Florentinis
1339 1149 1476 1180 iverunt
1499 1149 1543 1180 ad
1568 1149 1757 1180 exercitum
1774 1148 1920 1180 civitatis
1936 1147 2089 1179 Pistorii'

241 1212 275 1238 et
299 1205 389 1248 apud
413 1205 539 1237 dictam
565 1203 737 1235 civitatem
762 1202 958 1244 posue'runt
982 1208 1015 1233 et
1038 1200 1310 1234 hedificaverunt
1334 1202 1519 1244 quamdam
1543 1201 1713 1233 bastiliam
1733 1208 1815 1232 ‘cum
1843 1211 1968 1243 magna
1990 1201 2094 1232 fovea

242 1266 277 1291 et
300 1258 497 1291 buttifredis
519 1264 552 1289 et
576 1256 750 1294 domibus:
776 1262 811 1288 et
834 1255 882 1287 ibi
905 1262 1167 1298 permanserunt
1190 1265 1252 1297 per
1277 1265 1301 1286 x
1325 1265 1474 1291 menses3
1498 1255 1534 1286 in
1559 1255 1625 1285 fine
1642 1254 1836 1286 habuerunt
1858 1254 1986 1286 dictam
2011 1253 2094 1286 civi-

241 1318 346 1344 tatem
370 1317 404 1343 et
428 1312 671 1343 destruxerunt
693 1319 808 1341 muros
832 1314 866 1341 et
889 1313 1006 1350 portas
1030 1314 1064 1340 et
1087 1309 1207 1340 foveas
1231 1308 1468 1350 impleverunt.

1070 1429 1236 1463 Mcccv
1239 1429 1268 1472 J.

332 1529 395 1560 Die
420 1538 507 1559 xxvr
532 1527 656 1559 mensis
679 1526 836 1558 ianuarii.
882 1525 1049 1557 Dominus
1073 1523 1226 1555 marchio
1251 1522 1348 1565 Acco
1373 1522 1519 1554 estensis
1542 1523 1686 1554 admixit
1716 1523 1884 1554 Mutinam
1917 1533 1994 1554 cum
2024 1528 2093 1554 toto

244 1583 444 1625 episcopatu
467 1592 530 1623 pro
555 1580 776 1618 tradimento,
802 1585 836 1611 et
861 1589 979 1610 omnes
1003 1577 1221 1619 stipendiarii
1246 1582 1422 1618 equestres
1446 1581 1480 1607 et
1503 1576 1640 1617 pedites
1663 1582 1741 1607 sunt
1764 1576 1895 1618 expulsi
1920 1582 1954 1607 et
1983 1576 2093 1617 capti;

245 1642 277 1667 et
300 1636 368 1667 hoc
392 1634 533 1673 accidit,
558 1634 640 1675 quia
664 1633 824 1665 dominus
848 1631 1091 1663 Manfredinus
1116 1631 1159 1661 de
1177 1629 1327 1667 Sassolo,
1353 1629 1510 1661 dominus
1534 1628 1692 1660 Sassolus
1717 1630 1789 1660 eius
1812 1629 1912 1668 filius,
1938 1629 2094 1660 dominus

243 1688 447 1732 Raynaldus
470 1688 514 1719 de
536 1686 737 1719 Marcharia
761 1685 1037 1727 consanguineus
1070 1683 1156 1715 dicti
1186 1682 1318 1714 domini
1348 1676 1562 1713 Marchionis
1586 1688 1620 1714 et
1651 1681 1801 1713 vicarius
1833 1688 1866 1713 et
1895 1682 2096 1723 capitaneus
2128 1700 2131 1703 ⁴

243 1741 414 1785 generalis
438 1740 473 1771 in
497 1740 639 1771 civitate
664 1738 799 1770 Mutine
823 1748 886 1779 pro
912 1737 1005 1768 dicto
1038 1735 1177 1767 domino
1202 1735 1410 1773 marchione,
1436 1745 1552 1766 omnes
1576 1735 1712 1766 insimul
1745 1735 1998 1767 rebellaverunt
2022 1735 2095 1766 dic-

243 1800 310 1826 tam
334 1794 509 1825 civitatem
534 1792 674 1824 domino
698 1790 906 1828 Marchioni‚
932 1795 966 1822 et
990 1789 1218 1830 expulxerunt
1241 1787 1467 1830 potestatem⁷
1491 1787 1625 1819 Mutine
1651 1794 1683 1819 et
1708 1798 1825 1820 omnes
1856 1787 2096 1829 stipendiarios

245 1853 278 1879 et
294 1847 479 1878 familiares
496 1846 579 1878 dicti
596 1845 726 1877 domini
749 1844 973 1876 Marchionis.
1020 1843 1122 1874 Tunc
1139 1841 1297 1874 dominus
1313 1842 1459 1873 Frescus
1482 1841 1571 1872 filius
1595 1841 1757 1872 naturalis
1781 1841 1866 1873 dicti
1881 1840 2096 1873 Marchionis

244 1901 339 1932 venit
362 1900 407 1931 ad
438 1898 669 1930 sucurendum
703 1898 877 1929 civitatem
909 1907 972 1938 pro
1004 1895 1143 1927 domino
1174 1895 1399 1933 Marchione,
1432 1900 1466 1926 et
1497 1894 1648 1926 acedens
1679 1893 1828 1935 plateam
1858 1894 2002 1932 Mutine,
2026 1894 2095 1925 iam

246 1953 396 1985 conflicti
413 1958 511 1984 erant
526 1951 743 1993 stipendiarii
761 1961 837 1982 cum
853 1954 1036 1992 potestate.
1061 1948 1231 1979 Dominus
1247 1948 1403 1980 Sassolus
1419 1947 1596 1989 predictus
1609 1947 1702 1989 cepit
1714 1946 1793 1978 ficte
1809 1946 1982 1979 dominum
1999 1946 2095 1988 Ray-

245 2006 385 2038 naldum
410 2005 628 2047 capitaneum
652 2004 848 2046 predictum
880 2009 915 2034 et
947 2002 1123 2034 dominum
1154 2001 1319 2032 Frescum
1351 2000 1599 2042 supradictum,
1626 1999 1817 2042 Obiconem
1849 1999 1977 2031 domini
2001 1998 2094 2030 Petri

243 2057 375 2098 Abatis,
400 2058 575 2091 dominum
601 2058 792 2089 Galvanum
818 2057 861 2088 de
894 2055 1059 2094 Gaffaris,
1092 2053 1332 2086 Bastardinum
1366 2054 1409 2085 de
1443 2054 1543 2085 domo
1567 2053 1721 2091 Estense,
1746 2051 1909 2084 Iacobum
1941 2053 1984 2084 de
2014 2051 2095 2084 Bal-

245 2112 340 2144 daria
363 2112 543 2144 siscalcum
567 2111 699 2143 domini
724 2109 936 2142 Marchionis
960 2115 994 2141 et
1027 2109 1152 2141 multos
1188 2107 1273 2139 alios
1307 2107 1470 2149 mixitque
1502 2116 1561 2138 eos
1589 2106 1634 2138 ad
1666 2106 1804 2137 domum
1831 2116 1937 2143 suam,
1962 2105 2095 2136 scilicet

245 2165 373 2197 domini
396 2164 538 2201 Sassoli3
565 2164 669 2196 ceteri
693 2173 775 2195 vero
800 2163 964 2205 sugerunt
987 2163 1022 2193 in
1046 2167 1158 2193 castro
1183 2160 1311 2192 domini
1335 2159 1565 2197 Mai-chionis3
1590 2165 1641 2191 set
1665 2169 1734 2190 non
1760 2158 1981 2190 obtinuerunt
2006 2167 2094 2196 eum,

246 2219 327 2261 quia
350 2228 417 2249 non
441 2216 615 2249 habebant
638 2216 778 2258 aliquod
801 2225 864 2257 pro
896 2225 1014 2247 eorum
1046 2214 1150 2251 victu,
1182 2219 1215 2244 et
1238 2213 1422 2245 traditores
1455 2213 1498 2244 de
1525 2212 1659 2244 Mutina
1682 2203 1861 2254 fregerunt
1886 2211 2095 2242 conductum

245 2281 331 2313 aque
356 2270 437 2302 dicti
455 2269 557 2301 castri
565 2282 573 2307 3
598 2270 645 2301 ita
661 2269 755 2311 quod
781 2278 823 2300 ex
840 2267 1043 2299 necessitate
1061 2267 1275 2309 reliquerunt
1299 2272 1446 2298 castrum
1471 2271 1504 2297 et
1528 2264 1729 2296 dimiserunt
1752 2263 1984 2302 traditoribus,
2000 2262 2094 2294 salva

245 2335 358 2356 eorum
382 2323 474 2355 bona
498 2329 531 2354 et
554 2332 709 2364 persone,
735 2326 769 2354 et
794 2321 888 2363 quod
912 2321 1078 2352 recedere
1113 2325 1255 2361 possent
1290 2318 1482 2351 Ferrariam
1517 2328 1593 2349 cum
1617 2317 1783 2354 arnexii53
1810 2322 1844 2348 et
1871 2321 1991 2358 postea
2022 2325 2094 2347 non

245 2377 463 2409 obtinuerunt
484 2381 597 2417 pacta,
621 2375 701 2417 quia
718 2374 902 2406 traditores
918 2373 1019 2415 primi
1038 2373 1295 2404 derobaverunt
1312 2381 1370 2403 eos
1386 2381 1493 2413 usque
1518 2371 1563 2402 ad
1585 2370 1758 2402 interulas.
1804 2370 1905 2401 Tunc
1924 2368 2094 2400 cambium

244 2431 372 2462 factum
397 2435 447 2461 est
471 2430 513 2461 de
539 2428 724 2460 carceratis
749 2427 877 2460 domini
908 2426 1124 2458 Mai-chionis
1156 2435 1220 2467 pro
1252 2424 1319 2456 illis
1351 2425 1394 2456 de
1420 2424 1627 2467 Savignano‚
1659 2423 1717 2465 qui
1741 2422 1909 2454 carcerati
1938 2427 2035 2453 erant
2058 2422 2093 2452 in

245 2484 365 2515 Castro
388 2482 515 2514 tealdo.
560 2481 625 2513 Die
649 2481 736 2512 iovis
759 2480 931 2522 sequentis
955 2479 1050 2510 cives
1074 2478 1177 2521 Regii
1202 2483 1409 2510 cucurerunt
1445 2477 1487 2509 ad
1519 2487 1612 2509 arma
1644 2482 1677 2507 et
1709 2475 1935 2517 expulxerunt
1963 2475 2092 2516 stipen-

339 2636 376 2662 17.
398 2631 523 2654 Postorii
541 2631 564 2654 A
586 2644 618 2647 —
639 2631 682 2655 28.
701 2629 864 2661 familiares]
887 2629 972 2653 famil.
990 2629 1032 2655 A‚-
1051 2627 1172 2652 famulos
1191 2627 1306 2651 BMUR.
1327 2639 1359 2643 —
1373 2633 1414 2658 33.
1429 2625 1604 2650 siniscalcum
1625 2624 1699 2648 Mum.
1723 2637 1753 2641 —-
1773 2632 1814 2657 34.
1835 2622 2030 2654 obtinuerunt]
2051 2625 2091 2647 te-

247 2674 368 2697 nuerunt
386 2673 411 2695 B
424 2672 499 2696 MUR.
520 2686 552 2690 --
572 2671 614 2704 36.
634 2672 676 2696 ita
695 2670 781 2703 quod]
802 2671 844 2695 ita
863 2678 915 2702 que
935 2670 961 2693 B
974 2670 1052 2694 Mun.

337 2754 343 2770 ¹
364 2757 490 2787 Soragna
510 2756 544 2779 ad
564 2756 579 2780 S
598 2756 644 2779 kil.
664 2755 699 2778 da
721 2756 813 2786 Borgo
833 2755 887 2778 San
911 2754 1055 2777 Donnino.
1290 2751 1300 2766 ⁵
1319 2752 1451 2776 Vannina
1471 2751 1506 2775 da
1526 2751 1681 2782 Coi-reggio
1707 2748 1793 2782 sposo
1815 2749 1969 2773 Franceseo
1988 2749 2094 2772 Bonae-

336 2795 347 2811 2
360 2797 461 2821 Iacobo
476 2797 509 2820 da
524 2797 686 2820 Landriano
700 2797 729 2820 di
740 2796 855 2820 Milano.
875 2795 920 2819 Cf.
935 2795 1028 2818 Clzron.
1041 2795 1141 2821 parm„
1200 2795 1278 2817 colsi.
1316 2793 1360 2819 Cf.
1383 2794 1483 2822 L1TTA‚
1503 2792 1576 2817 Fam.
1596 2792 1664 2819 ital„
1684 2791 1843 2814 Bonaccolsz'.

208 2847 221 2872 5
250 2840 307 2865 RR.
327 2840 363 2864 II.
383 2839 443 2867 SS.,
463 2846 556 2863 nuova
576 2839 654 2865 ediz..
675 2838 722 2866 lx,
741 2846 768 2870 p.
789 2845 831 2869 91.
1289 2834 1300 2850 ⁶
1320 2836 1445 2860 Roberto
1465 2835 1533 2859 duca
1554 2834 1582 2858 di
1602 2834 1743 2858 Calabria.

337 2879 348 2895 ⁷³
369 2886 400 2911 27
422 2881 569 2904 dicembre.
1288 2876 1298 2892 7
1319 2877 1468 2901 Fulcherio
1488 2877 1521 2900 (le
1542 2876 1662 2901 Calboli.
1685 2875 1726 2899 Cf.
1746 2875 1820 2898 Cron.
1845 2875 1962 2901 Tassomss
1976 2874 2094 2897 Bas-:ano

337 2921 345 2937 ¹¹
367 2922 498 2946 Beatrice.
519 2921 564 2946 Cf.
583 2922 773 2951 L1TTA,Fam.
789 2921 856 2948 ima,
880 2921 1074 2951 Glz'Ssaltgrcrs.
1200 2928 1211 2941 ι)
1233 2920 1343 2943 ᾸΙοναηο
1363 2919 1420 2949 cit„
1440 2927 1466 2951 p.
1486 2926 1527 2951 93.

2119 777 2156 808 10

2120 1041 2155 1072 15

2117 1308 2159 1337 20

2117 2475 2158 2505 40

2126 2839 2157 2856 10
