2297 3476
285 170 334 204 30
921 166 1233 201 CHRONICON
1263 166 1431 201 ESTEN
1434 166 1492 201 SE
1821 171 1903 205 [AA.
1928 173 2122 205 1256-1257]

79 311 154 334 nun„
169 310 208 329 ³22
283 300 377 331 iuxta
401 299 577 335 fossatum,
602 296 800 338 direxitque
824 295 1034 337 fre'quenter
1057 306 1134 327 suas
1157 296 1250 328 acies
1275 296 1435 338 copiosas
1459 302 1535 328 ante
1552 296 1665 328 menia
1681 296 1842 334 civitatis,
1865 303 1902 329 ut
1919 297 2123 329 intrinsecos

281 352 325 384 ad
349 351 497 394 prelium
520 355 741 392 provocaret3
767 354 817 380 set
840 348 906 390 ipsi
930 354 1030 380 caute
1054 348 1255 380 dimiserunt
1280 360 1356 380 eum
1381 349 1425 380 ad
1449 359 1544 380 suum
1569 348 1700 381 libitum
1724 349 1888 387 insanire3
1920 359 1997 380 nam
2030 350 2123 381 circa

281 405 434 447 quinque
450 403 544 434 milia
560 402 706 433 militum
730 401 767 432 in
784 411 844 432 suo
862 401 1014 433 exercit-u
1031 401 1157 433 dicitur
1173 401 1343 433 habuisse.
1389 402 1539 445 Legatus
1555 411 1638 433 vero
1654 408 1688 433 et
1703 401 1861 433 Marchio
1879 412 1954 434 cum
1971 403 2122 444 prelatis,

281 464 315 491 et
337 455 573 489 sacerdotibus
591 460 625 486 et
640 453 799 486 levitibus
814 464 999 496 numquam
1016 454 1061 486 ad
1078 454 1146 486 duo
1163 454 1257 485 milia
1274 460 1514 496 pervenerunt.
1557 454 1707 497 Legat-us
1724 460 1837 486 autem
1854 455 1906 486 vir
1922 456 2124 487 constantis-

280 512 393 548 simus,
406 515 443 541 ut
467 507 510 540 ad
535 507 683 539 civitatis
700 507 940 539 defensionem
958 507 1053 538 cives
1069 507 1214 549 pavidos
1231 508 1406 546 animaret,
1423 508 1459 538 in
1475 507 1683 539 monasterio
1701 507 1811 539 sancti
1827 506 2009 540 Benedicti
2033 508 2125 540 iuxta
2171 508 2188 539 5

282 564 446 595 fossatum
471 561 527 592 die
551 566 723 602 noctuque
747 570 841 591 suam
866 559 1041 591 constituit
1064 560 1288 598 mansionem,
1314 560 1388 591 aliis
1415 559 1627 602 principibus
1650 559 1742 591 intra
1763 570 1878 591 muros
1900 559 2018 593 Padue
2041 561 2124 592 resi-

279 615 440 648 dentibus
464 625 525 656 pre
550 613 684 645 timore.
731 613 864 644 videns
886 613 1027 644 tandem
1044 619 1234 655 tyrampnus
1250 612 1465 651 furibundus,
1483 623 1519 644 se
1545 618 1668 645 contra
1691 612 1866 644 civitatem
1889 622 1957 644 non
1973 623 2074 654 posse
2090 614 2124 644 in

283 670 397 710 aliquo
421 666 611 709 prevalere,
635 676 702 698 nec
726 666 771 697 ad
787 666 941 697 Montem
966 665 1100 697 silicem
1117 665 1179 697 sibi
1204 672 1323 707 patere
1340 675 1529 705 accessum,
1542 665 1600 697 ubi
1619 671 1766 697 castrum
1783 665 2005 697 fortissimum
2022 677 2042 698 a
2059 666 2125 698 suis

280 720 481 754 custodibus
505 718 696 758 tenebatur,
714 719 902 758 Veronam,
919 718 1102 750 frustratus
1118 729 1179 750 suo
1197 718 1382 757 desiderio,
1400 725 1451 750 est
1467 728 1632 757 reversus,
1650 728 1716 750 nec
1733 728 1833 749 ausus
1856 725 1906 749 est
1929 718 2018 750 ultra
2041 720 2125 751 fines

279 773 398 806 Padue
423 784 501 805 cum
526 772 682 804 exercitu
707 771 872 814 introyre,
885 781 999 814 ymmo
1016 771 1173 802 Paduani
1189 771 1390 813 frequenter
1405 772 1484 803 loca
1500 771 1531 802 ei
1549 771 1684 803 subdita
1699 771 1841 802 viriliter
1859 771 2125 813 inpugnabant1.
2153 773 2190 803 10

366 827 467 858 Tunc
484 825 647 866 temporis
666 823 767 856 tertio
786 824 843 856 die
860 824 1006 855 intrante
1024 829 1179 867 augusto,
1194 825 1353 856 dominus
1368 824 1539 856 Iohannes
1556 824 1757 866 episcopus²
1780 824 1968 865 paduanus,
1985 825 2127 857 veniens

122 898 131 909 ,—
157 898 203 915 „mr
280 892 300 912 a
317 890 458 912 romana
481 878 596 917 Curia,
619 877 678 910 ubi
701 876 917 919 pa'storalem
940 877 1131 919 promeruit
1148 876 1359 920 dignitatem,
1377 888 1397 909 a
1414 877 1507 909 clero
1533 882 1566 908 et
1590 877 1719 919 populo
1743 877 1902 918 paduano
1919 877 2127 909 honorabili-

279 938 332 965 ter
356 938 407 965 est
430 937 616 974 susceptus,
642 937 676 963 et
700 942 720 962 a
743 936 842 972 porta
865 930 961 962 Prati
978 941 1085 973 usque
1103 929 1147 962 ad
1164 930 1331 962 maiorem
1349 930 1530 962 ecclesiam
1547 929 1885 971 processionabiliter
1901 935 1951 962 est
1972 930 2125 962 eductus.

1096 1051 1307 1083 MCCLVII.

367 1133 593 1165 Exortatione
617 1132 756 1174 pariter,
782 1137 815 1163 et
838 1136 1004 1173 precepto
1028 1131 1154 1174 Legati
1179 1131 1279 1163 Sedis
1302 1132 1527 1174 appostolice,
1555 1132 1664 1164 frater
1694 1132 1916 1164 Enverardus
1940 1132 1983 1164 de
2008 1132 2128 1164 ordine
2156 1132 2192 1164 15

279 1187 554 1225 Predicatorum,
578 1185 629 1217 vir
656 1184 866 1217 venerabilis
897 1190 930 1216 et
961 1191 1029 1216 tam
1061 1185 1097 1215 in
1129 1185 1316 1228 theologia,
1348 1196 1449 1227 quam
1480 1185 1743 1228 phylosophyca
1773 1185 1916 1217 seientia
1945 1185 2128 1227 plurimum

279 1239 444 1279 eruditus,
471 1238 697 1271 Griffolinum
722 1237 839 1269 Brixie
863 1243 1067 1279 potestatem
1096 1243 1130 1269 et
1161 1238 1248 1269 alios
1273 1239 1454 1280 optimates
1486 1238 1532 1270 ita
1560 1238 1653 1270 dulci
1685 1244 1719 1270 et
1750 1238 1903 1270 facunda
1932 1238 2128 1280 eloquentia

278 1293 460 1335 mitigavit,
474 1292 569 1335 quod
593 1291 652 1329 illi,
677 1291 736 1333 qui
762 1291 805 1323 de
829 1296 928 1332 parte
952 1290 1112 1323 Ecclesie
1136 1291 1171 1321 in
1195 1290 1349 1332 predicta
1369 1291 1508 1324 civitate
1525 1292 1664 1323 fuerant
1686 1291 1861 1329 vinculati,
1878 1297 1956 1323 sunt
1972 1302 1991 1323 a
2009 1291 2128 1323 vincu-

280 1346 320 1377 lis
343 1345 492 1378 absoluti
516 1351 550 1377 et
566 1345 634 1376 suis
650 1350 729 1376 sunt
752 1344 1026 1386 possessionibus
1043 1350 1076 1375 et
1092 1343 1340 1376 munitionibus
1356 1345 1517 1376 restituti.
1554 1343 1635 1382 Quo
1652 1345 1759 1383 facto,
1777 1344 1936 1387 Legatus‚
1954 1353 2130 1387 exponens

278 1411 313 1431 se
338 1409 462 1442 magno
486 1398 639 1440 periculo
663 1403 807 1439 propter
831 1397 976 1429 insidias
1000 1397 1237 1440 malignorum,
1262 1398 1411 1429 latenter
1434 1398 1478 1429 de
1494 1398 1636 1429 Mantua
1654 1409 1730 1430 cum
1748 1397 1866 1439 paucis
1890 1398 2061 1441 Bryssiam
2078 1404 2129 1430 est
2151 1400 2194 1430 20

278 1453 468 1494 profectus,
493 1457 525 1483 et
549 1451 677 1483 ibidem
704 1451 833 1493 aliquot
857 1450 980 1482 diebus
1003 1450 1049 1482 ita
1073 1460 1133 1481 suo
1152 1450 1246 1482 dulci
1262 1450 1449 1492 conloquio
1478 1451 1715 1483 Brissiensium
1733 1451 1863 1483 animos
1879 1451 2127 1490 reconciliavit,

280 1506 372 1548 quod
397 1505 463 1547 ipsi
481 1503 623 1537 firmiter
639 1503 881 1546 promiserunt,
899 1512 933 1535 se
951 1513 1045 1535 more
1064 1503 1163 1535 solito
1180 1503 1215 1534 in
1233 1503 1416 1535 devotione
1434 1503 1589 1536 Ecclesie
1606 1514 1861 1546 permansuros:
1880 1504 1973 1546 quod
1988 1504 2130 1536 audiens

280 1558 456 1590 Ecellinus
482 1563 514 1589 et
538 1557 759 1589 Pelavicinus
783 1556 941 1588 Ecclesie
967 1556 1105 1595 inimici,
1129 1556 1267 1588 frustati
1292 1567 1351 1598 spe
1375 1567 1446 1596 sua,
1471 1564 1547 1589 sunt
1572 1568 1641 1589 non
1666 1557 1838 1589 modicum
1863 1557 2069 1589 conturbati.

368 1610 502 1644 Eodem
527 1620 617 1642 anno
633 1610 822 1652 Papienses
845 1610 956 1651 primo
983 1615 1016 1641 et
1040 1609 1234 1641 Placentini
1259 1610 1410 1642 secundo
1427 1610 1543 1652 iugum
1560 1610 1683 1643 Uberti
1700 1610 1897 1652 Pelavigini
1921 1621 1941 1641 a
1965 1610 2031 1642 suis
2056 1620 2130 1642 cer-

279 1665 412 1697 vicibus
435 1664 582 1696 viriliter
607 1668 841 1695 excusserunt.
889 1663 978 1694 Nam
1004 1663 1094 1695 sicut
1117 1663 1295 1695 Ecellinus
1318 1663 1352 1694 in
1376 1663 1545 1702 Marchia,
1571 1664 1618 1695 ita
1649 1663 1707 1694 ille
1731 1674 1835 1705 super
1858 1669 1991 1706 partem
2019 1662 2130 1696 Fede-
2155 1663 2195 1696 25

279 1719 344 1751 rici
360 1719 396 1750 in
422 1717 620 1749 civitatibus
644 1716 855 1749 Lombardie
880 1716 1064 1760 tyrapnide
1083 1716 1284 1748 excellebat.
1327 1716 1397 1748 Per
1419 1716 1515 1748 idem
1546 1723 1679 1758 tempus
1697 1723 1844 1749 castrum
1867 1716 1997 1749 Montis
2023 1717 2129 1749 silicis

279 1778 312 1803 et
336 1777 485 1803 castrum
509 1770 709 1802 altissimum
733 1769 893 1802 Calaonis
928 1769 1065 1801 reddita
1089 1775 1168 1800 sunt
1192 1768 1390 1801 Marchioni
1415 1770 1539 1801 estensi
1571 1780 1591 1800 a
1615 1769 1814 1802 custodibus
1842 1769 2001 1808 Ecellini,
2027 1775 2060 1802 et
2083 1770 2131 1802 sic

281 1825 353 1856 eius
375 1824 534 1866 potentia
559 1823 602 1855 de
626 1823 788 1864 paduano
814 1822 968 1855 districtu
998 1829 1049 1854 est
1079 1823 1216 1864 penitus
1248 1822 1423 1864 extirpata.
1472 1822 1544 1855 Sub
1575 1823 1776 1864 precedenti
1808 1832 1974 1854 annorum
1999 1823 2130 1855 circulo

278 1877 462 1909 Albericus
487 1877 529 1909 de
555 1877 729 1914 Romano,
755 1876 812 1918 qui
835 1886 898 1918 per
922 1876 1048 1907 multos
1072 1886 1181 1907 annos
1205 1875 1450 1908 inexorabilem
1479 1876 1686 1908 discordiam
1718 1875 1886 1908 habuerat
1917 1886 1993 1907 cum
2024 1876 2130 1908 fratre

280 1941 341 1963 suo
366 1930 539 1968 Ecellino‚
562 1930 630 1962 Dei
654 1936 689 1962 et
711 1930 888 1961 hominum
912 1928 1062 1967 inimico,
1087 1929 1258 1961 invenctis
1283 1928 1488 1971 quibusdam
1513 1929 1755 1962 occasionibus
1778 1929 1821 1961 ab
1846 1929 2005 1961 Ecclesie
2025 1929 2131 1961 devo·
2155 1931 2197 1962 30

280 1985 371 2016 tione
395 1982 574 2021 recedens,
602 1983 848 2015 confederatus
873 1988 925 2014 est
949 1993 1027 2014 cum
1053 1982 1186 2014 eodem.
1233 1982 1414 2015 Civitatem
1440 1989 1551 2015 autem
1576 1982 1721 2015 Trivixii
1738 1983 1772 2014 in
1797 1993 1892 2014 suam
1915 1983 2054 2015 retinuit
2069 1992 2132 2025 po-

280 2043 448 2070 testatem.
496 2036 583 2068 Cum
607 2037 766 2078 predicta
789 2042 858 2068 tam
882 2036 918 2066 in
943 2035 1164 2074 Lombardia,
1189 2047 1291 2078 quam
1315 2036 1351 2067 in
1367 2036 1528 2068 Marchia
1543 2041 1756 2079 gererentur,
1774 2036 1958 2068 interfecto
1975 2047 1995 2067 a
2011 2035 2133 2069 Frixo-

280 2091 380 2124 nibus
402 2091 439 2122 in
463 2090 554 2122 bello
579 2099 661 2133 rege
686 2089 868 2122 Alemanie
894 2089 1100 2129 Guillielmo‚
1126 2096 1363 2121 convenerunt
1390 2090 1565 2131 principes
1597 2089 1641 2121 ad
1673 2090 1878 2121 electionem
1906 2099 2000 2121 more
2032 2089 2133 2121 solito

280 2144 492 2176 faciendam.
540 2143 626 2175 Cum
651 2142 754 2186 igitur
777 2148 970 2175 tractarent
994 2143 1037 2174 de
1062 2142 1222 2184 principe
1246 2142 1382 2185 ydoneo
1407 2135 1580 2186 eligendo,
1597 2143 1737 2174 humani
1754 2142 1891 2184 generis
1907 2142 2066 2174 inimicus
2081 2152 2132 2173 se-

280 2197 423 2229 minavit
447 2196 615 2240 cicaniam
640 2195 729 2228 inter
754 2206 829 2232 eos;
854 2206 933 2228 nam
960 2196 1099 2238 quidam
1124 2196 1286 2227 comitem
1310 2195 1535 2234 Riccardum,
1552 2196 1694 2227 fratrem
1717 2195 1810 2237 regis
1833 2194 1992 2238 Ang1ie³‚
2018 2205 2132 2238 regem
2157 2195 2197 2227 35

279 2250 459 2282 Alemanie
485 2250 682 2293 elegerunt;
702 2249 761 2280 alii
778 2259 861 2281 vero
878 2259 938 2280 sua
956 2255 1037 2280 vota
1052 2249 1086 2280 in
1103 2259 1218 2291 regem
1236 2248 1382 2281 Castelle
1396 2248 1409 2266 ‘²
1431 2249 1568 2290 penitus
1584 2248 1839 2281 transtulerunt.
1879 2248 2004 2280 Comes
2020 2254 2134 2280 autem

281 2303 479 2336 Riccardus
503 2301 661 2335 ascendit
684 2303 718 2333 in
741 2301 957 2334 Alemaniam
980 2302 1197 2341 festinanter,
1229 2308 1264 2334 et
1296 2303 1340 2334 de
1373 2312 1511 2333 assensu
1544 2302 1770 2343 quorumdam
1800 2301 1996 2343 principum
2029 2301 2134 2343 capiti

78 2353 209 2397 Mussfgss
285 2356 360 2389 'suo
378 2356 529 2398 inposuit
544 2356 643 2399 regni
658 2355 839 2387 Alemanie
856 2354 1040 2387 diadema'.
1068 2355 1224 2397 Uterque
1242 2365 1324 2387 vero
1341 2356 1472 2388 electus
1487 2365 1566 2387 suos
1579 2355 1711 2397 legatos
1735 2356 1780 2387 ad
1802 2364 1977 2386 romanam
1996 2353 2133 2386 Curiam

284 2409 468 2442 destinavit
489 2420 553 2451 pro
587 2408 848 2440 confirmatione
880 2419 900 2439 a
932 2418 1062 2440 summo
1094 2408 1273 2440 Pontefice
1296 2408 1521 2449 inpetranda3
1547 2413 1599 2439 set
1629 2408 1788 2439 dominus
1818 2407 1916 2449 Papa
1948 2407 2067 2440 nolens
2097 2407 2132 2438 in

283 2463 398 2505 aliqua
420 2468 517 2504 parte
542 2462 731 2501 declinare,
756 2473 798 2493 ne
823 2462 915 2493 forte
939 2472 1019 2503 pars
1043 2461 1201 2493 Ecclesie
1225 2461 1429 2500 turbaretur,
1443 2460 1487 2493 de
1506 2460 1650 2492 consilio
1667 2460 1893 2493 cardinalium
1909 2460 1971 2492 sub
1995 2470 2055 2502 spe
2072 2459 2133 2492 de·
2157 2461 2198 2491 40

280 2515 449 2549 liberandi
474 2515 605 2547 distulit
628 2525 731 2557 super
755 2514 934 2557 questione
958 2519 1131 2546 tantorum
1154 2514 1349 2556 principum
1373 2513 1585 2546 diffinitivam
1608 2514 1814 2546 sententiam
1836 2513 2065 2555 promulgare.

371 2634 424 2659 2-3.
445 2627 524 2651 MUR.
551 2628 621 2659 legge
651 2627 740 2652 multa
768 2629 795 2650 in
822 2627 896 2658 luogo
917 2628 948 2649 di
973 2627 1048 2650 circa
1073 2627 1198 2658 quinque
1226 2640 1256 2643 —
1279 2632 1302 2657 3.
1323 2626 1426 2650 dicitur
1453 2626 1529 2651 Mun.
1551 2626 1626 2657 dagli
1654 2627 1747 2654 Amm
1768 2633 1815 2649 om.
1835 2626 1858 2648 A
1885 2639 1917 2642 -—
1936 2633 1960 2657 9.
1981 2632 2030 2649 nec
2049 2631 2133 2649 ausus

282 2671 325 2693 est
344 2669 466 2700 toglz'amo
485 2669 560 2699 dagli
578 2670 674 2698 Arum
701 2676 758 2692 non
783 2667 894 2692 addidit
913 2669 953 2694 A:
974 2675 1024 2692 nec
1051 2667 1159 2691 addidit
1184 2667 1260 2692 Mna.
1289 2681 1322 2685 —
1349 2666 1390 2691 16.
1410 2674 1492 2698 quam
1518 2668 1594 2699 dagli
1619 2668 1714 2696 Amm
1734 2674 1782 2691 om.
1802 2667 1824 2689 A
1846 2680 1878 2683 —
1905 2673 1947 2691 22.
1972 2666 2046 2698 quod
2075 2667 2132 2698 ipsi

284 2711 362 2735 MUR.
381 2711 449 2742 cogli
469 2711 564 2741 ANN.3
585 2712 612 2735 et
638 2711 695 2742 ipsi
714 2711 738 2734 A
758 2724 790 2727 —-
813 2710 852 2735 26.
872 2710 1051 2742 tyrapnidem
1069 2710 1092 2733 A
1119 2722 1151 2726 —-
1170 2714 1214 2739 2⁷7.
1235 2708 1384 2740 Calaonis]
1409 2709 1532 2734 Calamis
1552 2709 1630 2734 Mun.
1651 2723 1683 2726 —
1703 2714 1744 2739 35.
1765 2709 1877 2740 quidem
1903 2709 1925 2731 A
1946 2721 1977 2725 —-
2003 2713 2045 2740 39.
2065 2715 2132 2732 con-

282 2753 438 2777 firmatione
457 2753 533 2784 dagli
551 2754 644 2782 ANN.;
660 2753 875 2776 consumatione
890 2752 912 2775 A
932 2766 964 2770 -
979 2758 1021 2783 41.
1041 2751 1196 2782 dfmulgare
1216 2752 1257 2778 A,·
1277 2752 1305 2774 in
1326 2752 1349 2775 Α
1362 2752 1395 2775 dtz
1415 2759 1490 2774 mano
1508 2753 1603 2774 seriore
1615 2750 1654 2780 fn
1665 2749 1742 2780 satta
1762 2750 1787 2772 la
1807 2751 1948 2773 corrccionc
1968 2749 2133 2773 concellaneis>

240 2801 252 2826 5
282 2794 310 2819 di
329 2803 341 2817 e
357 2795 504 2825 ponendam*
515 2797 591 2825 sopra
610 2795 653 2817 uel
671 2796 727 2825 rigo
748 2801 798 2826 pro

373 2881 381 2898 ¹
402 2883 449 2908 Gli
467 2884 583 2907 Annales
602 2884 783 2916 aggiungono
804 2884 851 2915 qui
871 2883 987 2915 qualche
1007 2882 1152 2907 notiziola.
1331 2882 1336 2897 ³
1357 2883 1462 2907 Enrico
1481 2882 1528 2907 111.

373 2925 383 2942 *²
403 2927 550 2953 Giovanni
569 2925 696 2952 Forzate.
717 2927 811 2958 Gmws,
831 2930 868 2958 op,
891 2929 945 2954 cit„
968 2935 994 2959 p.
1015 2927 1074 2959 798.
1328 2926 1339 2941 ⁴
1360 2926 1482 2951 Alfonso
1502 2927 1536 2956 X,
1556 2926 1638 2951 eletto
1659 2926 1680 2950 il
1702 2933 1731 2957 13
1752 2925 1875 2958 gennalo
1898 2930 1971 2955 1257.
