2297 3476
145 422 155 433 Γ
181 421 229 439 mv

241 2887 272 2903 10

305 170 353 203 46
942 166 1255 201 CHRONICON
1283 166 1513 200 ESTENSE
1842 172 1926 206 [AA.
1949 175 2144 208 1231-1284]

301 306 403 332 testas
426 300 547 331 Parme
572 309 650 330 cum
674 304 745 330 tota
767 298 886 329 militia
909 308 970 329 sua
993 296 1158 339 equitavit
1187 297 1403 336 Cremonam,
1435 303 1469 329 et
1500 297 1548 330 ibi
1578 303 1745 330 steterunt
1775 309 1837 340 per
1868 309 1905 331 vl
1938 299 2012 332 dies
2042 300 2144 332 causa

302 352 479 383 muniendi
502 351 630 384 dictam
655 351 827 382 civitatem
851 356 885 381 et
909 355 1020 381 castra
1043 360 1114 388 sua,
1140 356 1174 382 et
1197 350 1246 381 sic
1271 350 1358 381 fecit
1382 356 1447 382 etc.

391 404 525 436 Eodem
548 403 734 436 millesimo.
759 403 926 434 Dominus
948 413 1008 434 rex
1031 402 1190 440 Karolus,
1208 403 1288 434 dum
1305 408 1377 434 erat
1399 403 1435 434 in
1459 402 1637 435 obsidione
1654 403 1799 436 civitatis
1814 404 1967 444 Missine,
1984 415 2044 438 rex
2061 405 2148 437 Ara-

300 468 427 500 gonum
448 459 484 489 in
509 457 634 489 dictam
656 456 833 488 Missinam
856 455 1021 492 intravit¹3
1047 462 1080 487 et
1103 455 1152 486 sic
1175 466 1237 487 rex
1260 455 1409 487 Karolus
1424 462 1528 487 totam
1545 455 1701 488 Ciciliam
1717 457 1869 490 admixit.

389 511 523 542 Eodem
546 509 724 541 millesimo
749 508 805 540 die
829 518 922 539 XV111
948 507 1097 540 octubris
1121 508 1278 540 dominus
1303 507 1427 540 Comes
1458 508 1621 540 arciensis
1634 509 1655 547 ²,
1681 516 1714 541 et
1737 509 1892 542 dominus
1917 521 2032 543 comes
2055 512 2147 544 Lan-

301 574 406 606 conus
431 573 507 594 cum
532 562 664 594 duobus
688 561 761 593 aliis
785 561 976 599 comitibus,
1001 566 1035 591 et
1059 560 1172 592 multis
1196 560 1270 592 aliis
1293 561 1455 593 militibus
1479 567 1512 593 et
1535 561 1751 603 pedestribus
1775 570 2019 604 separaverunt
2041 575 2077 596 se
2101 565 2146 596 de

301 616 460 653 Francia,
485 621 518 646 et
540 625 603 657 per
619 615 682 646 iter
705 613 910 646 Lombardie
935 613 1071 645 iverunt
1093 614 1129 644 in
1152 613 1314 655 Apuliam
1338 614 1373 645 in
1396 614 1534 646 servitio
1559 614 1644 646 dicti
1669 614 1798 646 domini
1821 615 1911 658 regis
1935 616 2067 648 Karoli.

388 667 522 700 Eodem
546 667 726 699 millesimo
752 667 795 699 de
813 676 929 698 mense
953 666 1148 698 novembris
1160 665 1182 698 ³.
1221 666 1378 698 Castrum
1397 666 1528 698 Sulcini
1544 667 1638 698 venit
1654 666 1699 699 ad
1715 667 1877 700 mandata
1894 668 2046 700 comunis
2062 668 2146 701 Cre-

300 729 401 752 mone
425 726 490 752 etc.

1078 789 1368 833 MCCLXXXIJ.

386 862 438 893 De
461 870 577 893 mense
601 860 814 902 septembris.
862 861 1009 893 Domina
1031 861 1191 903 Johanna
1215 861 1258 892 de
1276 859 1411 892 Ursinis
1425 860 1466 891 de
1484 861 1598 892 Roma
1610 860 1620 876 ⁴
1637 861 1730 892 venit
1747 861 1938 893 Ferrariam
1955 862 1989 893 in
2006 871 2147 894 uxorem

301 915 428 947 domini
451 913 626 947 Aczonis5
650 914 709 945 filii
733 914 860 946 domini
884 913 1091 945 marchionis
1114 913 1281 956 Opiconis
1305 913 1447 945 estensis
1471 919 1536 945 etc.

387 968 521 999 Eodem
546 967 722 999 millesimo
746 978 807 998 rex
829 966 1029 1009 Aragonum
1052 966 1171 998 habuit
1195 966 1381 998 dominium
1406 966 1508 998 totius
1533 967 1674 1010 Sycilie,
1699 978 1802 1010 quem
1831 974 2056 1000 consueverat
2086 969 2146 1001 ha-

300 1020 382 1053 bere
407 1026 441 1052 et
464 1026 579 1052 tenere
603 1020 761 1052 dominus
784 1031 848 1052 rex
871 1019 1032 1052 Karolus.

1069 1117 1366 1159 MCCLXXXIIJ.

388 1189 530 1231 Incepta
553 1190 619 1221 fuit
641 1189 762 1220 Turris
787 1198 966 1221 carcerum
982 1199 1084 1230 super
1100 1189 1250 1230 plateam
1275 1188 1427 1220 comunis
1444 1188 1598 1220 Ferrarie
1617 1189 1660 1220 de
1679 1188 1848 1230 lapidibus
1864 1188 2144 1232 Bonguadagnisg

298 1242 355 1284 qui
379 1242 517 1274 rebellis
542 1248 614 1274 erat
637 1242 765 1274 domini
790 1242 999 1273 marchionis
1023 1241 1188 1284 Opiconis
1213 1241 1358 1273 estensis
1383 1247 1448 1273 etc.

386 1295 519 1327 Eodem
543 1295 724 1327 millesimo
749 1295 791 1326 de
816 1304 932 1326 mense
957 1294 1162 1332 novembris,
1187 1294 1343 1326 dominus
1367 1294 1565 1326 Gherardus
1588 1294 1630 1326 de
1655 1294 1799 1327 Camino
1817 1295 1952 1337 accepit
1970 1295 2144 1327 civitatem

297 1347 443 1379 Trivixii
467 1347 607 1379 domino
632 1347 813 1379 Gherardo
838 1347 881 1378 de
907 1345 1074 1379 Castellis.

389 1399 522 1432 Eodem
545 1400 725 1432 millesimo
750 1399 792 1432 de
815 1410 1004 1432 mense....
1030 1401 1138 1432 Facta
1162 1406 1212 1431 est
1235 1411 1302 1441 pax
1326 1399 1359 1430 in
1385 1399 1524 1431 civitate
1550 1400 1691 1432 Forlivii
1717 1411 1794 1432 cum
1818 1406 1889 1434 tota
1912 1400 2145 1433 Romandiola

299 1459 333 1485 et
357 1460 524 1485 venerunt
548 1463 666 1485 omnes
689 1454 733 1484 ad
758 1452 917 1484 mandata
942 1453 1072 1485 domini
1095 1453 1190 1494 Pape
1216 1458 1282 1484 etc.

386 1506 518 1538 Eodem
546 1506 724 1538 millesimo
750 1512 896 1538 castrum
920 1505 1177 1549 Reminenghi⁷
1202 1506 1294 1538 venit
1317 1506 1362 1537 ad
1387 1505 1618 1538 obedientiam
1642 1507 1795 1539 comunis
1818 1507 1989 1539 Cremone
2013 1514 2078 1540 etc.

383 1558 516 1591 Eodem
540 1559 730 1598 millesimo,
754 1565 831 1590 ante
856 1560 983 1591 festum
1006 1559 1114 1590 sancti
1137 1559 1229 1590 Petri
1254 1559 1297 1590 de
1328 1569 1444 1590 mense
1474 1559 1569 1602 junij.
1616 1559 1781 1591 Dominus
1812 1571 1873 1591 rex
1904 1560 2054 1592 Karolus
2084 1571 2145 1592 rex

298 1612 435 1654 Apulie,
459 1618 493 1644 et
516 1612 673 1644 dominus
696 1611 817 1643 Petrus
841 1622 901 1643 rex
926 1611 1138 1655 Aragonum,
1162 1612 1219 1654 qui
1253 1621 1397 1654 regnum
1421 1611 1538 1643 Sicilie
1570 1612 1810 1644 fraudulenter
1835 1613 2020 1645 abstulerat
2051 1613 2145 1645 dicto

297 1665 371 1708 regi
387 1665 529 1703 Karulo,
554 1665 714 1696 fecerunt
737 1665 835 1696 simul
853 1665 1138 1696 convenctionem
1155 1664 1259 1696 eundi
1275 1664 1472 1696 Bordellam
1489 1664 1578 1696 ultra
1593 1671 1736 1703 montes,
1755 1671 1789 1697 et
1805 1665 1940 1697 insimul
1955 1665 2096 1707 preliari
2111 1666 2145 1697 in

297 1719 401 1759 plano
417 1717 563 1750 Bordele
578 1717 599 1750 ⁸.
647 1717 766 1755 Quare
791 1728 851 1748 rex
874 1718 1023 1750 Karolus
1047 1718 1106 1749 ivit
1129 1727 1192 1760 per
1217 1728 1310 1749 mare
1335 1717 1380 1749 ad
1397 1716 1527 1749 dictum
1543 1718 1658 1749 locum
1674 1719 1719 1750 ad
1736 1718 1916 1750 terminum
1935 1717 2143 1756 ordinatum3

297 1777 348 1802 set
370 1771 518 1812 prelium
540 1770 710 1808 remansit,
735 1770 815 1812 quia
838 1781 900 1802 rex
923 1770 1123 1812 Aragonum
1148 1770 1263 1812 aliquo
1287 1770 1391 1802 modo
1416 1770 1524 1801 noluit
1548 1770 1596 1802 ire
1614 1769 1658 1802 ad
1675 1770 1804 1803 dictum
1821 1771 1985 1813 prelium:
2009 1782 2077 1814 qua
2100 1771 2144 1803 de

298 1835 400 1855 causa
417 1824 527 1855 dictus
550 1833 613 1855 rex
637 1835 657 1855 a
680 1823 818 1856 domino
842 1834 933 1866 papa
949 1823 1014 1855 fuit
1030 1823 1310 1855 excomunicatus
1326 1829 1359 1854 et
1375 1823 1528 1864 privatus
1544 1822 1587 1854 de
1605 1833 1712 1866 regno
1737 1834 1809 1862 suo,
1833 1824 1914 1867 quia
1935 1834 1998 1866 pro
2021 1824 2144 1857 timore

297 1877 406 1909 noluit
429 1877 479 1909 ire
503 1877 547 1908 ad
570 1877 717 1919 prelium
741 1877 934 1908 ordinatum
963 1883 1030 1909 etc.

1047 1973 1364 2006 MCCLXXXIIII.

385 2055 449 2086 Die
466 2057 552 2086 1111or
570 2060 717 2087 exeunte
733 2054 859 2086 madio.
896 2053 976 2085 Rex
992 2054 1143 2086 Karolus
1159 2053 1335 2095 predictus
1350 2053 1452 2085 rediit
1468 2053 1512 2085 de
1529 2053 1676 2085 Francia
1693 2063 1796 2085 causa
1812 2053 1915 2085 eundi
1932 2053 1966 2085 in
1982 2053 2143 2096 Apuliam

297 2117 359 2150 per
382 2117 476 2140 mare
484 2120 493 2145 3
518 2107 613 2139 multi
637 2117 720 2139 vero
744 2107 788 2139 de
812 2107 880 2138 suis
903 2106 1127 2149 equestribus,
1152 2113 1186 2138 et
1209 2106 1380 2148 peditibus
1404 2116 1466 2148 per
1489 2112 1613 2138 terram
1637 2106 1782 2146 iverunt,
1806 2113 1839 2138 et
1863 2107 2066 2138 transierunt
2081 2116 2143 2148 per

300 2161 471 2193 civitatem
488 2161 597 2203 Janue
622 2161 760 2203 eiusque
785 2160 982 2192 discrictum
1006 2160 1040 2191 in
1064 2159 1225 2201 Apuliam
1249 2166 1314 2191 etc.

384 2214 519 2245 Eodem
544 2213 722 2244 millesimo
746 2213 803 2244 die
819 2223 843 2244 v
858 2213 952 2256 junii.
976 2212 1142 2244 Dominus
1158 2212 1319 2254 princeps
1336 2211 1422 2244 filius
1438 2213 1529 2255 regis
1545 2212 1668 2244 Karoli
1685 2219 1804 2254 captus
1827 2213 1892 2244 fuit
1908 2213 1943 2243 in
1958 2213 2041 2244 mari
2066 2222 2143 2244 cum

298 2276 379 2307 va
395 2267 511 2309 galeis,
529 2272 563 2298 et
578 2266 691 2298 multis
714 2265 899 2298 baronibus
923 2272 957 2297 et
980 2266 1064 2303 aliis,
1082 2265 1140 2307 qui
1165 2271 1261 2297 erant
1283 2265 1318 2296 in
1342 2265 1441 2296 dictis
1457 2265 1574 2308 galeis,
1591 2276 1612 2296 a
1635 2265 1706 2297 filio
1730 2265 1877 2297 naturali
1902 2266 1994 2308 regis
2009 2264 2143 2308 Arago-

297 2331 388 2357 num,
413 2326 446 2351 et
470 2319 512 2351 ab
537 2319 611 2350 aliis
641 2319 684 2350 de
716 2318 869 2357 Missina‚
901 2324 934 2350 et
966 2319 1204 2350 conduxerunt
1228 2328 1288 2350 eos
1311 2328 1389 2349 cum
1413 2318 1519 2360 galeis
1543 2316 1587 2349 ad
1620 2318 1790 2350 civitatem
1813 2316 1998 2355 Missine⁹;
2023 2324 2057 2350 et
2080 2318 2143 2350 sibi

387 2456 411 2480 6.
431 2464 459 2481 se
478 2464 525 2480 om.
544 2457 568 2480 A
582 2470 614 2473 —
633 2463 672 2487 14.
693 2455 835 2487 dominus]
855 2456 947 2479 dictus
966 2455 991 2478 B
1010 2455 1088 2480 Mun.
1115 2469 1147 2472 —
1176 2462 1216 2479 20.
1237 2456 1299 2486 dopo
1321 2462 1414 2479 mense
1441 2456 1536 2479 lacuna
1554 2456 1577 2478 A
1602 2467 1633 2472 —-
1661 2461 1701 2478 21.
1728 2456 1756 2479 et
1776 2456 1914 2479 venerunt
1933 2463 1980 2478 om.
2007 2454 2084 2479 Mun.
2108 2467 2140 2471 —

306 2505 346 2531 23.
367 2498 517 2530 Dominus]
531 2498 633 2523 Dictus
651 2499 676 2521 B
689 2498 765 2523 MUR.
781 2512 812 2515 —
827 2502 869 2529 27.
889 2496 992 2528 noluit]
1012 2498 1103 2522 uoluit
1120 2498 1143 2520 A
1165 2511 1197 2515 —-
1218 2499 1259 2523 28.
1279 2496 1342 2530 pro]
1364 2504 1412 2530 pre
1431 2505 1496 2521 corr.
1517 2497 1593 2521 Mun.

387 2585 395 2602 ¹
417 2594 430 2610 2
451 2587 565 2612 ottobre
588 2587 665 2613 1282.
1250 2585 1366 2610 Ribelli.

385 2627 395 2644 ²
415 2629 541 2653 Roberto
560 2630 644 2653 conte
663 2628 799 2653 d'Artois.
1336 2627 1347 2643 ⁷
1366 2629 1561 2660 Romanengo,
1581 2628 1670 2661 borgo
1690 2629 1724 2652 ad
1741 2635 1768 2652 11
1786 2628 1833 2652 kil.
1846 2628 1917 2652 N-E.
1932 2628 1967 2652 da
1981 2627 2088 2653 Crema.

386 2669 398 2686 3
420 2678 449 2694 11
470 2671 620 2695 novembre
641 2671 717 2695 1282.
1337 2668 1348 2685 ⁸
1368 2670 1524 2695 Bordeaux.

387 2711 397 2727 ‘¹
418 2713 570 2737 Giovanna
590 2712 619 2736 di
638 2712 750 2737 Gentile
769 2712 866 2736 Orsini
887 2712 987 2743 nipote
1006 2711 1049 2735 del
1074 2711 1192 2735 defunto
1335 2710 1346 2726 ‘³
1366 2712 1395 2736 Si
1414 2712 1484 2736 veda
1502 2713 1529 2737 la
1547 2712 1647 2736 lettera
1667 2711 1694 2735 di
1714 2720 1742 2736 re
1756 2712 1839 2736 Carlo
1858 2712 1888 2736 in
1907 2711 1970 2736 data
1984 2711 2027 2736 del
2040 2713 2142 2744 giorno

298 2762 371 2787 papa
390 2754 508 2779 Niccolo
527 2755 575 2779 ΙΙΙ.
1247 2761 1263 2785 9
1282 2755 1388 2786 giugno
1411 2753 1478 2785 1284
1492 2753 1540 2777 che
1554 2754 1695 2786 partecipa
1708 2754 1735 2777 al
1755 2753 1833 2785 Papa
1850 2754 1877 2778 la
1895 2754 2031 2778 sventura
2044 2754 2143 2785 patna.

387 2795 398 2811 5
418 2797 493 2820 Azzo
513 2796 588 2820 vm.
1248 2796 1279 2821 C.
1299 2796 1551 2825 Mmmm-Rxemo,
1570 2795 1696 2819 Memoria·
1709 2795 1778 2818 della
1795 2803 1896 2826 guerra
1916 2796 1945 2818 di
1963 2795 2058 2818 Sicilia
2071 2795 2144 2826 negh'

386 2835 397 2851 ⁶
417 2837 536 2861 Amadio
556 2838 592 2861 od
611 2839 757 2862 Armanno
779 2838 1010 2870 Buonguadagni,
1030 2837 1149 2861 secondo
1169 2837 1191 2861 il
1246 2839 1314 2860 anni
1330 2837 1406 2864 1282,
1425 2837 1502 2864 1283,
1521 2837 1586 2865 1284
1600 2840 1678 2860 tratte
1698 2838 1740 2859 ἄρ’
1762 2838 1871 2867 registra·
1886 2837 2008 2867 angioz'nz'
2026 2836 2144 2859 dell'Ar—

299 2880 396 2909 Frizzi,
410 2883 448 2909 op.
463 2881 516 2906 sit„
531 2879 578 2909 ΙΙΙ,
601 2880 659 2910 198,
673 2879 786 2903 sai-ebbe
806 2880 881 2903 stato
895 2878 1065 2903 varchitetto
1085 2879 1113 2902 di
1127 2886 1192 2910 que·
1246 2879 1330 2902 clzz'm‘o
1350 2879 1379 2901 di
1397 2878 1469 2901 Statu
1495 2879 1525 2900 di
1542 2878 1642 2909 Napolc'
1665 2879 1694 2902 iri
1714 2878 1838 2902 Archim'o
1864 2878 1931 2902 Stor.
1949 2881 1998 2909 per
2021 2878 2044 2901 lc
2068 2878 2143 2902 Prov.

299 2922 342 2946 sta
361 2923 437 2945 torre
457 2922 482 2946 la
506 2922 587 2953 quale
614 2921 646 2946 fu
667 2921 716 2954 poi
745 2920 819 2944 detta
839 2921 868 2944 di
897 2920 1029 2952 Rigobello
1050 2921 1126 2945 ossia
1148 2920 1191 2944 de'
1246 2920 1354 2951 Aizpol„
1373 2920 1487 2952 Napoli,
1511 2919 1585 2951 1876,
1604 2920 1624 2950 Ι,
1645 2919 1712 2945 fasc.
1731 2922 1768 2951 3⁰,
1789 2928 1816 2953 p.
1837 2926 1896 2951 513.

2174 794 2212 824 10

2174 1119 2211 1151 15

2168 1402 2210 1433 20

2169 1666 2209 1697 25

2165 1976 2208 2007 30

2167 2263 2207 2298 35

2174 2713 2203 2738 15

2174 2926 2206 2942 20
