2297 3476
91 401 179 419 c.-25v

46 1104 121 1127 Mun„
137 1104 176 1125 307

84 1958 102 1972 c.
117 1955 146 1974 50
161 1959 173 1971 r

264 151 306 185 14
889 149 1204 186 CHRONICON
1236 149 1466 186 ESTENSE
1796 157 1880 192 [AA.
1901 160 2096 193 1235-1237]

1052 306 1305 339 MCCXXXV.

343 387 490 426 Beatrix,
514 387 583 419 filia
607 387 779 430 quondam
802 386 1009 418 marchionis
1032 385 1281 418 Aldrovandini
1305 386 1458 424 estensis,
1482 385 1624 419 Andree
1648 387 1723 431 regi
1738 387 1890 432 Ungarie
1907 396 1959 422 est
1981 391 2096 422 matri-

253 440 390 472 moniali
411 440 532 472 federe
557 439 752 482 copulata¹3
777 449 883 482 quare
906 438 1003 483 Acco
1021 439 1173 471 marchio
1189 444 1328 481 patruus
1345 439 1417 471 eius
1435 449 1512 471 cum
1536 439 1675 472 decenti
1691 447 1834 482 aparatu
1849 448 1883 475 et
1905 443 2098 475 honorabili

253 494 409 526 sotietate
423 494 467 525 ad
479 493 563 525 tanti
574 493 664 536 regis
680 493 886 535 presentiam
903 492 1095 525 destinavit.
1127 493 1205 525 Hoc
1223 499 1335 524 autem
1352 492 1605 525 matrimonium
1621 493 1698 526 filiis
1714 494 1814 537 regis,
1831 495 1927 527 Belle
1940 495 1951 513 ²
1968 496 2100 530 scilicet

253 553 286 579 et
297 546 485 580 Colomano
493 545 515 585 ³,
530 546 702 589 displicuit
713 547 934 579 vehementer
942 558 951 584 3
965 545 1130 578 timebant
1144 546 1243 584 enim,
1256 557 1299 578 ne
1312 551 1411 588 pater
1425 555 1532 578 senex
1543 546 1630 579 filios
1643 547 1686 579 de
1700 547 1881 581 iuvencula
1888 556 2069 592 generaret
2077 550 2097 582 ⁴.
2145 551 2162 582 5

1040 642 1283 685 Mccxxxv
1282 653 1314 695 J.

341 724 405 757 Vir
428 724 551 756 nobilis
575 732 608 757 et
630 725 835 757 venerabilis
860 725 1050 757 Guidoctus
1073 724 1256 767 episcopus
1279 730 1482 757 mantuanus
1498 725 1532 756 in
1549 725 1753 758 monasterio
1778 726 1887 759 sancti
1901 725 2043 760 Andree
2065 728 2100 759 in

254 777 374 810 diebus
395 777 609 822 rogationum
632 777 676 810 ab
698 778 864 810 Avocatis
889 784 940 810 est
963 777 1146 810 crudeliter
1162 777 1365 810 interfectus
1379 777 1400 810 ⁵.
1447 778 1574 810 Contra
1598 788 1683 821 quos
1707 778 1962 812 insurrexerunt
1982 790 2099 813 comu-

251 830 340 862 niter
361 831 549 870 Mantuani,
574 837 608 863 et
623 831 804 863 destructis
821 841 938 863 eorum
955 830 1111 863 domibus
1127 836 1162 862 et
1183 830 1332 862 turribus
1345 830 1367 870 ⁶,
1393 831 1484 873 ipsos
1509 831 1553 864 de
1578 831 1721 863 Mantua
1745 842 1822 863 cum
1846 832 1913 865 suis
1936 832 2100 865 sanctori-

253 884 316 916 bus
340 884 569 926 expulserunt.
616 883 663 916 At
686 884 734 916 illi
758 885 989 927 confugerunt
1012 884 1187 916 Veronam
1210 884 1255 915 ad
1278 884 1469 924 Ecelinum,
1493 885 1550 928 qui
1568 890 1640 917 erat
1655 885 1828 928 refugium
1852 886 1999 918 omnium
2022 896 2099 928 pes·
2128 888 2165 919 10

254 937 422 969 simorum.
469 938 594 970 Comes
618 942 731 970 autem
755 937 873 969 Sancti
896 937 1071 969 Bonefatii
1094 942 1166 969 toto
1188 942 1343 979 tempore
1374 947 1499 981 guerre
1523 938 1700 970 Mantuam
1729 938 1869 970 viriliter
1900 938 2102 981 gubernavit

255 995 373 1022 contra
396 990 637 1032 imperatorem
661 996 695 1022 et
716 991 885 1032 perfidum
909 989 1111 1027 Ecellinum‚
1136 995 1171 1021 et
1193 996 1329 1021 strenue
1353 1001 1389 1022 se
1413 990 1518 1033 gessit
1540 991 1575 1022 in
1601 991 1756 1023 omnibus
1781 997 1815 1023 et
1846 997 2051 1024 constanter.

339 1043 472 1075 Eodem
495 1043 682 1081 millesimo,
706 1044 750 1075 de
773 1053 889 1075 mense
907 1043 1050 1086 augusti.
1096 1043 1285 1085 Imperator
1309 1043 1496 1075 Federicus
1519 1044 1741 1086 persuasione
1765 1044 2045 1078 Cremonensium
2069 1051 2102 1078 et

253 1094 399 1126 Ecellini
423 1094 603 1126 descendit
626 1095 670 1126 de
693 1093 884 1125 Alemanea
908 1104 985 1125 cum
1010 1094 1163 1126 exercitu
1181 1093 1332 1135 copioso,
1350 1094 1511 1137 venitque
1528 1095 1713 1134 Veronam,
1730 1101 1764 1128 et
1780 1096 1916 1128 vastatis
1932 1095 2099 1128 Man'tua-

252 1145 313 1184 nis,
337 1145 373 1176 in
396 1144 639 1177 Lombardiam
662 1145 818 1177 transivit
831 1145 852 1177 ⁷.
2127 1148 2164 1180 15

338 1196 473 1228 Eodem
496 1195 683 1227 millesimo.
731 1195 818 1227 Cum
840 1196 998 1228 Marchio
1032 1202 1064 1227 et
1088 1195 1242 1227 Paduani
1268 1197 1456 1228 comuniter
1481 1197 1664 1236 Rivastam,
1690 1208 1756 1240 que
1777 1204 1828 1230 est
1850 1209 1952 1240 super
1975 1199 2101 1231 flumen

251 1250 404 1288 Thesini,
430 1249 636 1287 obsiderent,
660 1249 835 1281 Ecellinus
863 1255 897 1281 et
927 1248 1148 1281 Veronenses
1179 1249 1359 1281 misserunt
1390 1260 1453 1292 pro
1488 1250 1657 1282 Federico
1685 1251 1900 1293 imperatore,
1932 1252 1990 1294 qui
2020 1257 2101 1284 tunc

252 1309 325 1335 erat
348 1303 382 1334 in
405 1302 557 1344 partibus
579 1302 799 1341 Lombardie,
824 1303 881 1345 qui
904 1302 1015 1335 subito
1038 1303 1180 1334 veniens
1205 1313 1281 1334 cum
1304 1303 1423 1335 militia
1446 1303 1740 1336 Theotonicorum
1773 1311 1807 1336 et
1837 1305 1999 1337 Ecelinus
2024 1316 2101 1337 cum

250 1357 380 1398 populo
411 1355 593 1388 veronensi
622 1356 811 1397 impetuose
836 1355 1030 1387 Vicentiam
1053 1356 1265 1395 invaserunt,
1291 1366 1435 1398 eamque
1460 1357 1636 1398 capientes
1659 1357 1693 1388 in
1724 1358 1814 1390 festo
1846 1358 1994 1389 omnium
2024 1369 2101 1390 san-

253 1415 384 1441 ctorum
402 1408 588 1440 crudeliter
613 1408 881 1440 comburserunt.
927 1408 1082 1440 Paduani
1099 1418 1180 1440 vero
1198 1409 1301 1440 nimio
1318 1409 1440 1441 timore
1456 1409 1637 1450 perterriti,
1657 1411 1700 1442 ad
1717 1411 1855 1452 propria
1871 1417 1947 1442 sunt
1961 1411 2100 1442 reversi.
2124 1412 2166 1442 20

252 1462 391 1504 Adepta
414 1462 527 1504 itaque
552 1462 618 1493 hac
642 1462 796 1501 victoria,
820 1462 1003 1504 imperator
1026 1462 1136 1493 statim
1160 1462 1193 1493 in
1218 1461 1441 1494 Alemaneam
1467 1469 1516 1494 est
1540 1473 1705 1501 reversus,
1737 1464 1864 1496 relictis
1887 1465 1923 1496 in
1945 1464 2101 1496 Maschia

251 1526 315 1558 pro
339 1515 485 1558 negotiis
507 1515 641 1557 imperii
663 1515 911 1557 pertractandis
935 1515 1059 1547 comite
1085 1516 1242 1547 Gerardo
1267 1516 1311 1547 de
1337 1515 1526 1547 Sacsonia8
1551 1523 1584 1548 et
1607 1517 1731 1549 comite
1757 1517 1908 1560 Symone
1932 1517 2089 1549 Teatino.

338 1568 414 1600 Hiis
436 1568 648 1610 temporibus
670 1573 804 1600 mortuo
828 1567 970 1599 Andrea
992 1577 1075 1610 rege
1098 1567 1287 1611 Ungarie⁹‚
1313 1574 1346 1600 et
1369 1574 1535 1611 regnante
1558 1568 1655 1601 Bella
1677 1569 1745 1601 filio
1778 1570 1849 1601 eius
1871 1580 1934 1612 pro
1959 1580 2010 1608 eo,
2035 1570 2101 1602 Im-

251 1628 389 1665 perator
411 1632 490 1654 suos
514 1622 647 1664 legatos
671 1622 715 1653 ad
731 1631 848 1664 regem
863 1621 1021 1664 Ungarie
1038 1621 1233 1653 destinavit.
1279 1622 1380 1653 Tunc
1397 1621 1536 1654 Beatrix
1551 1622 1680 1665 regina,
1700 1633 1768 1665 que
1785 1623 1829 1655 de
1846 1623 1949 1656 domo
1967 1624 2101 1656 Estensi

253 1681 336 1713 erat,
360 1685 438 1706 cum
462 1680 549 1706 esset
571 1674 724 1718 gravida,
749 1675 871 1705 timore
887 1674 938 1705 sui
956 1673 1106 1706 crudelis
1129 1674 1291 1718 privigni,
1315 1674 1428 1706 iunxit
1451 1685 1486 1706 se
1508 1675 1542 1706 in
1566 1675 1797 1708 reversionem
1821 1676 1970 1708 sotietati
1993 1677 2100 1719 irnpe-
2123 1678 2165 1709 25

251 1728 382 1760 rialium
406 1728 606 1771 legatorum,
630 1727 771 1758 inducta
792 1733 887 1758 veste
910 1726 1016 1763 virili:
1043 1733 1076 1758 et
1099 1727 1148 1758 sic
1173 1726 1298 1758 deluxo
1323 1737 1415 1770 rege,
1435 1727 1491 1770 qui
1509 1737 1584 1760 eam
1607 1727 1759 1760 faciebat
1775 1738 1853 1761 cum
1876 1739 2005 1761 summa
2023 1728 2100 1761 dili-

249 1781 365 1824 gentia
389 1780 563 1820 custodiri,
587 1780 621 1811 in
644 1779 869 1811 Alemaneam
893 1779 1038 1811 latenter
1064 1779 1230 1823 confugit,
1255 1781 1460 1823 peperitque
1477 1780 1523 1812 ibi
1541 1780 1658 1820 filium,
1683 1791 1784 1824 quem
1806 1782 2017 1824 Stephanum
2041 1793 2102 1826 ap-

251 1834 401 1877 pellavit.
450 1833 530 1872 Quo
555 1839 647 1873 nato,
672 1833 716 1865 ad
738 1833 912 1876 propriam
935 1833 1073 1865 domum
1095 1833 1251 1875 protinus
1276 1840 1327 1866 est
1349 1845 1487 1866 reversa
1513 1845 1589 1868 cum
1615 1835 1810 1867 dulcissima
1827 1846 1888 1868 sua
1902 1836 2011 1879 prole.

1029 1941 1288 1974 Mccxxxw
1291 1942 1320 1984 J.

337 2013 425 2046 Cum
449 2013 566 2046 civitas
589 2013 750 2055 paduana
765 2013 908 2055 pacifico
933 2019 1020 2045 statu
1044 2013 1222 2056 gauderet,
1248 2019 1281 2045 et
1304 2014 1406 2055 copia
1428 2014 1547 2056 populi
1563 2020 1598 2046 et
1613 2014 1730 2047 militia
1753 2020 1900 2054 strenua,
1925 2015 2049 2048 divitiis
2066 2021 2100 2048 et
2122 2016 2165 2047 30

249 2064 358 2107 gloria
382 2064 483 2096 etiam
507 2070 597 2096 esset
618 2064 799 2106 plurimum
824 2064 996 2102 decorata,
1020 2069 1120 2106 pater
1142 2064 1397 2105 prodictionum
1422 2071 1456 2096 et
1478 2065 1658 2104 scelerum,
1674 2066 1813 2097 humani
1836 2065 1974 2109 generis
1989 2066 2098 2098 inimi-

252 2125 322 2154 cus,
344 2114 443 2147 mixit
465 2114 500 2146 in
525 2113 686 2147 cordibus
710 2115 926 2157 quorundam
947 2120 1155 2158 magnatum,
1178 2121 1216 2146 ut
1238 2115 1416 2147 traderent
1439 2126 1514 2147 eam
1539 2116 1671 2148 nunciis
1688 2116 1905 2159 Imperatoris
1923 2122 1957 2149 et
1972 2117 2095 2149 Eccel-

250 2165 320 2197 lino
345 2166 389 2198 de
412 2166 583 2203 Romano,
608 2175 710 2208 quem
732 2164 886 2197 Paduani
911 2164 1067 2198 solebant
1090 2165 1254 2197 detestari
1279 2172 1311 2198 et
1334 2166 1496 2209 persequi
1520 2166 1623 2198 velud
1647 2167 1774 2209 lupum.
1819 2167 1951 2199 Malum
1982 2168 2094 2211 igitur,

251 2217 343 2259 quod
368 2216 471 2248 corde
498 2222 739 2258 conceperant,
765 2225 869 2258 opere
893 2222 1145 2258 perpetrarunt,
1171 2216 1214 2247 de
1246 2217 1326 2258 lupo
1358 2222 1530 2259 pastorem
1562 2217 1679 2249 ovium
1709 2218 1820 2250 subito
1853 2218 2031 2258 facientes,
2062 2219 2098 2250 in

251 2279 343 2300 suam
368 2274 402 2300 et
423 2267 532 2309 patrie
556 2267 744 2309 perniciem
768 2274 802 2299 et
825 2276 1020 2310 gravamen.
1068 2267 1157 2299 Nam
1181 2266 1397 2299 Eccellinum
1413 2267 1532 2300 Padue
1549 2268 1724 2300 inimicum
1740 2268 1783 2301 de
1799 2278 1915 2301 mense
1932 2268 2097 2301 februarii
2120 2268 2159 2302 35

249 2318 367 2350 venire
390 2318 560 2356 fecerunt,
585 2323 619 2349 et
643 2317 816 2349 civitatem
840 2323 873 2349 et
895 2317 1061 2359 populum
1085 2318 1119 2348 in
1143 2317 1215 2349 eius
1238 2328 1358 2349 manus
1382 2318 1631 2350 crudelissimas
1654 2319 1880 2351 tradiderunt.
1926 2319 2096 2352 Trivixini

249 2375 361 2401 autem
385 2368 551 2407 videntes,
575 2378 611 2400 se
635 2368 731 2410 quasi
754 2368 844 2400 solos
867 2368 903 2399 in
927 2367 1084 2400 Marchia
1106 2368 1318 2407 remansisse,
1339 2368 1451 2401 coacti
1473 2379 1509 2400 se
1535 2380 1575 2401 ac
1599 2380 1659 2401 sua
1676 2369 1820 2413 Ecellini
1841 2370 1991 2402 dominio
2015 2369 2094 2402 sub-

336 2512 359 2537 4.
379 2503 444 2529 filiis
463 2504 542 2530 MUR.
563 2506 656 2534 Αὶτὶτ.;
678 2506 706 2528 in
719 2505 742 2528 Α
753 2506 843 2536 prima
857 2512 901 2527 era
913 2505 1002 2528 scritto
1015 2504 1096 2533 filius,
1108 2505 1156 2534 poi
1167 2511 1198 2528 us
1209 2503 1250 2534 su
1263 2505 1387 2528 cambiato
1407 2506 1436 2528 in
1457 2512 1473 2529 o
1489 2518 1520 2522 —
1535 2510 1559 2536 5.
1578 2506 1697 2530 timebat
1715 2506 1738 2528 A
1759 2518 1792 2522 —-
1815 2511 1855 2535 17.
1876 2504 2041 2529 obsiderunt
2053 2505 2096 2532 A:

248 2546 409 2571 obsiderent
427 2546 504 2571 Mmz.
523 2547 602 2572 Amr.
622 2560 654 2564 —-
674 2553 715 2570 20.
735 2546 864 2579 preteriti
883 2547 907 2570 A
927 2559 959 2563 —
985 2552 1026 2570 21.
1052 2546 1204 2570 Alemanea
1222 2546 1246 2568 A
1272 2558 1304 2562 —
1323 2551 1365 2576 25.
1385 2554 1413 2570 se
1433 2547 1553 2578 togliamo
1573 2547 1648 2579 dagli
1666 2547 1744 2572 Amr.
1767 2560 1798 2564 —
1819 2553 1860 2579 30.
1881 2548 2004 2572 strenuis
2022 2547 2045 2570 A
2065 2561 2097 2564 —

249 2593 291 2618 31.
310 2588 429 2620 gloriam
449 2588 473 2611 A
493 2601 523 2605 —
542 2594 584 2619 33.
604 2589 735 2620 prosequi
752 2588 776 2611 A
796 2601 827 2605 —
846 2594 888 2619 34.
907 2588 1074 2620 conceperat
1091 2587 1116 2611 A

341 2662 349 2679 ¹
370 2665 495 2689 Beatrice
514 2663 612 2688 d'Este
631 2663 705 2688 ando
725 2664 755 2687 in
776 2664 871 2695 isposa
891 2663 926 2687 ad
945 2663 1060 2687 Andrea
1078 2663 1104 2686 11
1123 2663 1143 2686 il
1287 2662 1299 2677 ‘³
1318 2664 1341 2687 Il
1356 2665 1468 2697 palazzo
1483 2672 1497 2689 e
1509 2666 1535 2690 la
1548 2666 1624 2689 torre
1637 2665 1712 2698 degli
1723 2666 1873 2695 Avvocati,
1885 2664 2013 2697 famiglia
2026 2666 2097 2690 dene

208 2707 222 2732 5
252 2705 501 2735 Gerosolimitano,
521 2713 549 2730 re
569 2706 748 2738 d’Ungheria
769 2706 813 2729 nel
837 2712 913 2736 1:34.
1159 2715 1162 2719 ¹
1199 2705 1248 2736 piu
1263 2706 1376 2730 antiche
1390 2714 1405 2731 e
1423 2707 1554 2740 cospicue
1567 2707 1597 2731 di
1616 2707 1760 2737 Mantova,
1779 2714 1936 2739 sorgevano
1957 2714 2052 2740 presso
2071 2707 2097 2730 la

340 2747 350 2762 ²
370 2749 438 2773 Bela
455 2749 495 2772 IV
514 2755 543 2772 re
563 2747 588 2771 d’
598 2748 741 2779 Ungheria
761 2755 855 2772 muore
875 2747 921 2771 nel
942 2753 1018 2777 1270.
1199 2749 1240 2772 ch.
1252 2748 1281 2772 di
1292 2749 1480 2773 sant’Andrea
1492 2748 1538 2780 (cf.
1549 2749 1576 2774 S.
1588 2750 1716 2778 DAVAR1,
1726 2748 1829 2772 Notizie
1841 2751 1902 2773 stor.
1914 2751 2015 2780 topogr.
2027 2748 2096 2772 della

340 2789 351 2805 3
371 2790 546 2815 Colomanno
565 2797 595 2814 re
616 2790 645 2813 di
664 2789 785 2814 Gallizia
804 2796 901 2813 muore
920 2789 966 2813 nel
987 2795 1062 2820 1²4²·
1199 2799 1218 2814 c.
1239 2791 1404 2814 diJlantova
1416 2791 1518 2814 πεί-νεα.
1531 2790 1683 2818 XIII-XV,
1703 2790 1848 2820 Mantova,
1871 2797 1947 2822 1903,
1967 2798 1994 2823 p.
2013 2790 2068 2822 69).

340 2831 351 2846 ⁴
371 2831 416 2856 Gli
435 2831 553 2854 Annales
570 2831 754 2863 aggiungono
773 2832 823 2862 qui
840 2830 912 2854 altre
930 2831 1046 2855 notizie.
1288 2831 1298 2846 ⁷
1318 2832 1407 2863 Segue
1425 2832 1499 2864 negli
1517 2832 1633 2855 Annales
1653 2831 1772 2856 un’altra
1795 2831 1908 2857 notizia.
2127 2842 2156 2868 ¹5

340 2872 350 2889 5
371 2873 512 2898 Guidotto
533 2872 568 2897 da
587 2872 741 2904 Correggio
760 2879 881 2896 vescovo
901 2872 931 2896 di
952 2872 1088 2896 Mantova
1106 2872 1139 2896 fu
1288 2871 1299 2888 ³
1320 2873 1500 2898 Gebehardus
1519 2874 1553 2898 de
1573 2874 1719 2898 Arnstein.

193 2923 224 2941 10
251 2916 346 2941 ucciso
366 2915 411 2940 nel
433 2920 497 2946 1235
518 2914 546 2938 ai
568 2921 599 2945 14
619 2914 648 2938 di
668 2914 790 2946 maggio.
1289 2914 1300 2930 ⁹
1323 2916 1374 2940 An.
1397 2920 1472 2946 1235,
1494 2920 1509 2946 7
1530 2922 1631 2940 marzo.
