2297 3476
127 1123 147 1138 c.
163 1117 190 1141 4⁶
202 1123 216 1136 v

108 1278 184 1300 Mun„
201 1276 239 1296 333

317 184 366 219 40
950 183 1264 219 CHRONICON
1294 183 1523 219 ESTENSE
1851 188 1934 222 [AA.
1957 190 2154 222 1259-1260]

312 313 493 345 trinsecam
517 313 629 345 redire
652 314 697 345 ad
720 313 859 354 propria
882 313 1017 344 minime
1042 313 1297 354 permictentes,
1343 313 1444 344 Tunc
1466 312 1618 344 marchio
1635 312 1862 352 Pelavicinus,
1885 312 2028 354 cupidus
2044 312 2155 344 domi-

310 366 424 404 nandi,
449 376 588 407 sperans
612 372 752 407 propter
775 366 985 398 discordiam
1009 366 1156 407 partium
1180 376 1215 397 se
1241 376 1340 407 posse
1366 366 1550 408 Bryssyam
1576 365 1739 403 obtinere,
1757 366 1853 407 quasi
1869 366 2059 398 amicabilis
2084 376 2154 397 me-

312 420 423 451 diator
446 419 579 461 utrique
603 419 691 460 parti
717 419 844 450 dolosis
868 418 1157 460 promissionibus,
1183 420 1276 461 quod
1302 430 1359 450 eas
1383 419 1427 450 ad
1451 418 1675 451 concordiam
1702 419 1892 457 reduceret,
1911 418 2153 461 compromisit.

312 471 397 503 Cum
420 472 521 514 igitur
544 481 607 512 per
630 472 751 503 multas
775 478 863 503 esset
889 471 1050 515 ambages
1075 472 1262 503 dominium
1296 472 1455 514 Bryssye,
1473 471 1625 512 peccatis
1649 471 1907 514 Bryssyensium
1930 471 2154 515 exigentibus,

311 530 494 563 assecutus,
519 524 629 555 statim
653 524 743 566 cepit
768 524 910 566 vestigia
934 524 1080 556 Ecellini
1105 524 1242 562 imitari,
1267 530 1399 565 partem
1425 524 1495 555 eius
1527 524 1691 562 fovendo,
1717 530 1751 555 et
1774 524 1895 556 fideles
1923 524 2080 556 Ecclesie
2103 524 2155 554 in-
2203 522 2220 553 5

313 584 401 608 trare
438 577 609 608 civitatem
640 577 833 608 nullatenus
865 577 1113 618 permictendo.
1159 577 1327 619 Legatum
1362 577 1461 608 etiam
1493 586 1632 608 romane
1657 577 1824 615 Ecclesie,
1852 577 2082 609 venerabilem
2106 576 2155 607 vi-

312 640 384 661 rum
414 630 713 671 archiepiscopum
746 636 966 662 ravennatem
999 630 1042 662 ab
1074 630 1233 662 Ecellino
1266 630 1300 661 in
1332 629 1470 672 Bryssia
1505 630 1653 661 vinculis
1685 630 1899 668 derelictum,
1931 630 2029 671 quasi
2057 630 2157 661 heres

309 682 433 714 malitie
458 682 614 720 Ecellini,
639 683 795 724 precepit
820 693 896 714 cum
921 694 1050 714 summa
1074 682 1253 725 diligentia
1269 682 1451 720 custodiri3
1477 693 1539 723 pro
1558 682 1652 714 cuius
1666 683 1870 714 liberatione
1888 682 2045 714 dominus
2062 682 2158 723 Papa

309 734 473 767 sollicitus
496 735 717 767 vehementer
739 741 807 766 tam
832 735 1030 767 Pelavicino
1056 746 1157 777 quam
1182 735 1448 778 Bryssyensibus
1466 735 1602 767 lieteras
1628 735 1811 768 destinavit
1819 748 1827 773 3
1846 741 1895 767 set
1914 735 1979 776 ipsi
1997 740 2158 776 apposto-

311 788 375 819 lica
399 788 559 820 mandata
582 798 646 830 pro
670 788 799 820 nichilo
824 794 1033 829 reputantes,
1064 789 1234 832 Legatum
1267 789 1446 820 dimictere
1478 789 1669 820 noluerunt.
1716 789 1865 832 Legat-us
1896 794 2007 820 autem
2035 788 2157 820 videns
2185 787 2222 818 10

311 840 443 873 animos
467 850 583 873 eorum
607 840 806 879 obstinatos,
832 840 949 873 habito
973 851 1111 873 suorum
1136 841 1279 873 consilio
1311 841 1543 879 servientium,
1576 842 1725 883 quodam
1756 851 1832 873 sero
1860 840 2058 873 custodibus
2081 849 2158 872 cre-

311 893 478 933 dentibus,
503 893 613 936 ipsum
638 904 714 926 cum
739 894 910 925 serviente
934 894 967 925 in
992 894 1150 926 conclavi
1175 904 1271 925 more
1290 893 1436 925 sollicito
1454 893 1615 931 fabulari,
1632 894 1785 937 alligavit
1809 894 1926 925 funem
1949 894 2090 925 firmiter
2113 892 2158 924 ad

311 947 502 988 colupnam,
528 952 562 979 et
585 947 748 979 emictens
773 958 807 978 se
831 947 942 988 ipsum
966 957 1028 988 per
1052 948 1237 979 fenestram
1265 947 1323 978 alti
1348 947 1479 990 palatij‚
1511 947 1545 978 in
1577 957 1644 989 quo
1676 947 1856 979 tenebatur
1883 946 2049 985 incluxus,
2074 947 2156 977 fune

309 999 464 1032 manibus
486 1000 714 1041 adprehenso,
739 999 864 1032 inlesus
890 1001 933 1032 ad
958 1006 1082 1032 terram
1106 999 1304 1037 descendit;
1331 1006 1363 1031 et
1389 1010 1465 1031 cum
1496 1005 1594 1032 extra
1627 1000 1801 1032 civitatem
1818 1000 1966 1032 latenter
1983 999 2157 1037 exivisset,

311 1063 413 1095 super
436 1063 559 1095 equum
584 1059 804 1095 preparatum
828 1052 893 1084 sibi
919 1054 1119 1092 ascendens,
1143 1063 1212 1085 uno
1237 1059 1366 1085 tantum
1390 1059 1567 1085 contentus
1593 1053 1727 1091 comite,
1752 1062 1869 1084 versus
1899 1053 2076 1084 Mantuam
2103 1052 2159 1083 fu·
2186 1051 2222 1082 15

310 1117 388 1150 gam
412 1106 557 1148 arripuit
573 1106 785 1138 festinanter.
834 1106 965 1138 Taliter
990 1106 1043 1138 vir
1059 1107 1305 1149 magnanimus,
1330 1106 1477 1137 Domino
1496 1106 1692 1144 auxiliante,
1709 1116 1827 1137 manus
1843 1106 1956 1137 evaxit
1973 1105 2158 1137 'hominum

311 1159 530 1201 perfidorum.

395 1212 497 1245 Anno
523 1212 655 1245 domini
676 1213 768 1244 1260.
816 1213 901 1245 Cum
926 1212 1107 1244 Albericus
1132 1213 1175 1245 de
1198 1214 1368 1250 Romano,
1386 1220 1422 1244 ut
1439 1213 1630 1254 predictum
1656 1219 1716 1250 est,
1733 1218 1842 1244 morte
1857 1212 2004 1244 Ecellini
2026 1217 2157 1253 perter-

313 1266 395 1298 ritus
418 1265 625 1298 'Trivixium
650 1265 844 1305 dimisisset,
869 1272 902 1298 et
927 1266 1147 1298 fortissimum
1172 1272 1318 1297 castrum
1337 1265 1455 1297 Sancti
1481 1266 1632 1309 §lenonis
1657 1275 1734 1297 cum
1759 1264 1922 1296 militibus
1944 1263 2158 1302 theotonicis,

310 1325 343 1351 et
366 1319 438 1351 aliis
461 1319 529 1351 suis
552 1318 709 1350 fidelibus
733 1319 992 1351 conscendisset
1015 1318 1197 1356 Trivixini‚
1230 1318 1385 1350 Paduani
1419 1324 1451 1350 et
1484 1318 1664 1350 Vicentini
1694 1318 1792 1350 simul
1816 1319 1927 1360 ipsum
1953 1317 2157 1349 constantis-
2181 1317 2223 1347 20

311 1373 391 1405 sime
417 1373 628 1410 obsiderunt,
652 1372 837 1415 introytum
863 1378 895 1403 et
919 1372 1044 1404 exitum
1063 1372 1093 1403 ei
1110 1372 1247 1413 penitus
1264 1371 1508 1414 prohybentes.
1554 1372 1598 1403 Et
1615 1377 1781 1413 quactuor
1797 1371 1960 1403 mensium
1979 1370 2158 1403 obsidione

310 1432 460 1468 peracta,
485 1425 612 1458 obsessi
637 1424 759 1456 milites
783 1431 816 1456 et
840 1424 897 1456 alii
921 1424 1106 1466 populares
1129 1425 1274 1468 gratiam
1298 1424 1452 1456 invenire
1477 1424 1695 1456 inimicorum
1720 1424 1755 1455 in
1786 1429 1882 1456 tanto
1916 1423 2073 1465 periculo
2098 1433 2158 1454 cu-

308 1480 452 1521 pientes,
476 1479 588 1520 primo
614 1484 771 1515 castrum,
796 1478 920 1510 deinde
945 1478 1063 1509 turrim
1088 1478 1191 1509 castri
1215 1477 1471 1509 munitissimam
1502 1483 1536 1509 et
1559 1477 1669 1519 ipsum
1694 1477 1929 1510 facinorosum
1946 1488 2023 1509 cum
2040 1486 2157 1515 uxore,

311 1532 396 1571 filiis,
421 1538 454 1564 et
476 1531 609 1564 filiabus
633 1531 669 1562 in
687 1542 804 1563 manus
821 1531 967 1562 hostium
985 1530 1200 1563 tradiderunt
1215 1532 1234 1562 ¹.
1267 1529 1314 1562 At
1330 1529 1378 1561 illi
1396 1541 1465 1562 non
1483 1530 1700 1562 immemores
1717 1531 1790 1562 eius
1805 1530 1932 1562 malitie
1947 1529 2159 1568 detestande,

310 1585 439 1628 absque
463 1595 559 1616 mora
582 1595 657 1616 eum
682 1595 758 1616 cum
782 1594 899 1622 uxore,
932 1594 972 1616 ac
1001 1594 1060 1615 sex
1093 1583 1170 1615 filiis
1202 1590 1236 1615 et
1268 1582 1400 1615 duabus
1432 1583 1574 1622 filiabus,
1607 1590 1644 1615 ut
1675 1583 1746 1615 eius
1776 1583 1933 1615 facinora
1965 1582 2158 1627 exigebant,
2182 1581 2222 1613 25

310 1645 418 1671 morte
444 1637 679 1670 crudelissima
702 1638 953 1679 perhemerunt.
1000 1637 1067 1668 Iste
1092 1637 1222 1679 quippe
1247 1643 1412 1679 tyrapnus
1445 1636 1646 1668 crudelitate
1678 1647 1719 1668 ac
1743 1636 1872 1668 malitia
1895 1637 1943 1668 ita
1966 1636 2031 1668 fuit
2054 1635 2156 1668 Ecel-

311 1692 379 1723 lino
402 1701 465 1733 per
489 1691 602 1722 omnia
628 1690 812 1732 coequalis,
837 1696 873 1721 ut
897 1690 1123 1722 determinate
1148 1696 1296 1731 nequeat
1321 1689 1457 1729 difiniri,
1483 1690 1539 1721 cui
1564 1689 1607 1721 de
1631 1689 1764 1722 duobus
1786 1690 2000 1731 potissimum
2033 1689 2158 1721 crude-

314 1745 415 1776 litatis
439 1750 472 1776 et
495 1744 680 1786 impietatis
704 1743 817 1784 palma
841 1743 953 1774 valeat
978 1743 1153 1785 assignari.
1202 1743 1246 1774 Et
1268 1752 1351 1774 sane
1376 1742 1536 1774 Albricus
1560 1743 1675 1784 preire
1700 1743 1842 1774 fratrem
1859 1743 1894 1773 in
1910 1742 2043 1785 flagitiis
2065 1741 2160 1774 vide-

310 1798 420 1835 batur,
444 1797 523 1839 quia
546 1796 618 1828 eius
642 1796 867 1828 insatiabilem
894 1796 1070 1827 libidinem
1095 1802 1325 1828 matronarum
1350 1802 1383 1828 et
1407 1796 1575 1838 virginum
1593 1794 1772 1827 multitudo
1789 1806 1963 1838 nunquam
1979 1796 2090 1837 potuit
2106 1806 2158 1827 sa-

312 1851 420 1887 ciare3
445 1850 732 1892 quandocumque
755 1848 843 1880 enim
868 1848 1009 1881 videbat
1033 1855 1205 1881 matronas
1228 1849 1363 1880 nobiles
1387 1854 1420 1880 et
1443 1849 1593 1891 virgines
1624 1849 1803 1890 spetiosas,
1830 1849 1865 1880 in
1890 1859 2006 1880 earum
2030 1859 2160 1881 concu-
2182 1849 2224 1880 30

311 1904 525 1945 piscientiam
549 1903 729 1940 exardens,
754 1912 856 1944 quam
887 1902 989 1934 citius
1005 1907 1151 1943 poterat,
1176 1912 1234 1933 eas
1267 1901 1310 1933 ad
1342 1912 1435 1933 suam
1461 1902 1587 1934 deduci
1618 1901 1794 1934 libidinem
1819 1901 1980 1934 faciebat.
2026 1902 2159 1933 Tantus

313 1967 394 1988 vero
418 1962 526 1988 metus
549 1961 697 1998 tyrapny
721 1955 919 1998 nequissimi
943 1955 1068 1987 milites
1090 1955 1296 1997 plebemque
1321 1961 1527 1996 opprexerat
1550 1955 1754 1993 trivixinam,
1779 1960 1816 1986 ut
1839 1965 1905 1986 nec
1929 1955 2040 1993 etiam,
2066 1954 2159 1997 quod

312 2010 486 2047 timebant,
510 2009 677 2040 auderent
702 2008 881 2040 ostendere
904 2008 1105 2046 manifeste3
1130 2015 1181 2040 set
1204 2019 1281 2040 cum
1305 2008 1433 2051 gemitu
1450 2015 1484 2040 et
1500 2008 1642 2049 suspiris
1658 2008 1816 2040 ferebant
1832 2008 2065 2050 gravissimam
2089 2019 2159 2040 ser-

312 2063 463 2100 vitutem,
489 2068 521 2093 et
545 2062 666 2093 timore
691 2061 809 2093 mortis
832 2060 1114 2105 prohybebantur
1138 2071 1201 2102 pro
1227 2061 1383 2093 libertate
1409 2061 1538 2102 aliquid
1561 2060 1726 2104 cogitare.
1774 2061 1844 2093 Cor
1872 2060 2001 2103 quippe
2025 2059 2159 2092 Albrici

312 2116 432 2147 durum
457 2124 520 2146 nec
545 2114 645 2145 minis
670 2113 830 2152 cedebat,
855 2124 919 2146 nec
943 2114 1103 2156 precibus
1119 2113 1338 2151 movebatur;
1355 2113 1623 2146 inverecundum
1643 2120 1716 2145 erat
1733 2114 1777 2145 ad
1794 2114 1918 2155 turpia,
1935 2114 2157 2145 inhumanum
2182 2112 2222 2144 35

313 2169 356 2200 ad
379 2169 541 2204 humana3
567 2167 603 2198 in
628 2168 797 2209 exigenda
821 2167 974 2199 vindicta
998 2167 1237 2200 crudelitatem
1260 2167 1393 2199 habens
1416 2172 1536 2210 tygrys
1560 2172 1594 2198 et
1618 2166 1742 2204 leonis;
1767 2167 1860 2198 nulla
1890 2177 1993 2209 super
2017 2167 2159 2199 afflictos

312 2220 549 2253 misericordia
571 2219 782 2259 movebat-ur,
806 2230 870 2251 nec
894 2220 1075 2252 mulierum
1100 2220 1268 2259 lamentis,
1300 2229 1364 2251 nec
1395 2219 1554 2252 flectibus
1585 2220 1805 2261 parvulorum
1836 2224 1972 2261 poterat
2002 2219 2158 2251 emolliri.

312 2274 356 2305 Et
379 2279 416 2305 ut
439 2274 511 2305 eius
535 2273 682 2305 maxima
707 2273 890 2305 crudelitas
914 2272 1065 2305 breviter
1090 2273 1295 2312 declaretur,
1319 2284 1423 2304 unum
1448 2273 1492 2304 de
1517 2273 1704 2305 sceleribus
1726 2279 1897 2316 tyranpny
1920 2272 2159 2304 nefandissimi

313 2327 347 2358 in
371 2327 519 2359 medium
544 2326 745 2366 deducatur,
770 2337 833 2368 per
856 2326 949 2368 quod
974 2326 1085 2358 valeat
1109 2326 1180 2358 eius
1203 2337 1335 2358 summa
1358 2326 1511 2368 nequitia
1533 2326 1771 2369 recongnosci.
1817 2326 1906 2357 Dum
1930 2325 2077 2368 quadam
2101 2325 2160 2358 die

314 2380 475 2421 suspendi
498 2379 663 2422 quosdam
688 2379 814 2411 milites
837 2379 1058 2420 precepisset,
1085 2385 1266 2422 antequam
1291 2389 1408 2411 eorum
1433 2384 1571 2421 guttura
1594 2379 1724 2421 laqueis
1747 2379 2003 2421 stringerentur,
2034 2387 2159 2410 uxores
2183 2379 2225 2409 40

406 2517 427 2533 1.
448 2509 538 2533 redire
558 2509 634 2534 Mun.
662 2510 742 2533 Am.
768 2518 815 2534 om.
836 2510 859 2533 A
887 2524 918 2527 -
945 2517 969 2542 3.
992 2510 1122 2534 reducere
1141 2510 1164 2533 A
1185 2523 1217 2527 —-
1245 2509 1297 2541 5-6.
1325 2508 1443 2541 intrare]
1464 2510 1540 2533 intra
1565 2510 1588 2533 A
1615 2509 1708 2538 MUR.;
1735 2509 1840 2540 leggono
1861 2509 2036 2540 giustamente
2054 2508 2160 2533 intrare

312 2553 355 2584 gli
373 2554 452 2578 Am.
467 2567 499 2571 —
522 2561 560 2585 13.
582 2560 610 2577 se
631 2554 722 2586 ipsum
744 2554 836 2583 Mune,
856 2554 948 2586 ipsum
968 2554 991 2577 A
1016 2567 1047 2570 —
1077 2553 1116 2578 18.
1136 2555 1220 2578 Anno
1248 2553 1356 2577 domini
1378 2553 1445 2578 1260
1464 2554 1558 2582 ANN.3
1583 2553 1682 2577 eodem
1701 2553 1850 2576 millesimo
1869 2553 1912 2579 A:
1931 2559 2006 2576 anno
2026 2552 2157 2577 MCCLX

316 2596 391 2620 Mun.
413 2608 423 2613 -
444 2596 597 2627 predictum
617 2596 697 2620 Mna.
717 2597 812 2622 ANN.:
832 2595 972 2628 predictus
992 2596 1016 2619 A
1038 2610 1067 2613 —
1099 2596 1188 2627 18-19.
1215 2596 1368 2628 preteritus
1386 2597 1409 2619 A
1433 2609 1464 2613 —
1487 2603 1527 2627 19.
1548 2594 1709 2625 dimisisset]
1735 2595 1844 2619 dimisit
1863 2595 1886 2618 A
1914 2608 1946 2612 —
1979 2601 2070 2619 20-21.
2089 2602 2157 2618 con-

316 2636 500 2667 stantissime]
527 2637 703 2661 stantissime
723 2638 746 2661 A
771 2651 803 2655 —-
831 2644 873 2667 23.
899 2637 963 2661 dein
989 2638 1015 2660 B
1040 2638 1118 2661 Mun.
1146 2651 1177 2654 —
1206 2644 1247 2668 24.
1274 2637 1462 2669 immemores]
1489 2643 1626 2661 memores
1649 2637 1673 2660 A
1694 2649 1704 2654 -
1724 2637 1880 2660 detestante
1897 2637 1920 2660 A
1948 2649 1980 2653 —
2007 2641 2047 2667 27.
2067 2637 2158 2668 potis-

277 2685 288 2709 5
315 2677 426 2710 simum]
453 2680 679 2711 potentissimum
706 2680 729 2702 A
757 2692 787 2696 -
816 2680 856 2704 28.
878 2678 1003 2712 flagitiis]
1030 2679 1147 2710 flagellis
1165 2679 1188 2701 A
1209 2693 1241 2697 —-
1268 2686 1310 2710 31.
1338 2679 1372 2702 ad
1397 2680 1510 2710 ripetuto
1537 2679 1565 2701 z'n
1590 2679 1614 2702 A
1638 2691 1669 2695 —
1697 2684 1738 2710 32.
1765 2678 1924 2710 militesque
1949 2678 2057 2709 plebem
2081 2678 2105 2701 A
2125 2692 2158 2696 —

317 2727 359 2752 33.
384 2720 497 2744 auderet
521 2720 545 2742 A

402 2812 409 2827 ¹
431 2813 451 2837 Il
465 2814 579 2838 castello
593 2813 621 2838 di
641 2821 691 2838 san
706 2815 820 2838 Zenone
834 2814 863 2838 fu
878 2821 959 2846 preso
974 2814 1017 2839 nel
1031 2812 1058 2838 cn
1072 2821 1103 2846 23
1119 2814 1214 2847 d'ago-
1268 2815 1339 2840 nella
1357 2816 1433 2839 torre
1461 2815 1605 2846 superiore
1630 2815 1655 2839 si
1681 2814 1794 2839 dovette
1819 2814 1965 2838 arrendere
1989 2815 2032 2838 nel
2060 2814 2160 2846 giorno

316 2856 360 2879 sto
385 2854 450 2879 1260
469 2855 555 2887 peril
580 2855 751 2880 tradimento
778 2856 806 2880 di
825 2857 902 2881 Mesa
924 2856 959 2880 da
984 2856 1108 2881 Porcilia
1132 2856 1212 2888 inge·
1268 2856 1300 2880 26
1325 2856 1468 2888 d’agosto.
1492 2856 1513 2881 ΙΙ
1539 2856 1676 2880 traditore
1702 2856 1778 2879 Mesa
1798 2855 1828 2878 fu
1857 2856 1905 2888 poi
1926 2855 2015 2887 (1261)
2044 2855 2160 2880 bandito

316 2903 400 2928 gnere
418 2904 432 2920 e
451 2898 636 2922 comandante
656 2896 725 2921 della
750 2899 826 2922 cinta
846 2898 980 2922 inferiore
1003 2897 1045 2921 del
1066 2898 1143 2923 detto
1168 2905 1212 2922 ca·
1265 2898 1295 2921 in
1321 2900 1456 2931 perpetuo
1483 2898 1517 2923 da
1543 2898 1660 2922 Trevlso
1686 2896 1799 2929 (Vnam,
1830 2897 1889 2921 Coa'.
1916 2898 1986 2925 ecel„
2012 2897 2074 2922 doc.
2101 2896 2160 2928 256,

260 2943 289 2959 Π)
316 2938 410 2969 ste1103
436 2939 566 2963 Alberico
592 2938 756 2970 rifugiatosi
782 2940 828 2963 coi
854 2939 910 2971 figli
935 2947 950 2963 e
975 2947 1028 2964 con
1055 2940 1080 2964 la
1106 2940 1210 2972 moglie
1267 2948 1313 2972 pp.
1333 2940 1473 2972 441-442).
