2307 3592
94 845 132 875 lO

96 1106 132 1138 15

92 1906 134 1937 30

94 2168 133 2201 35

93 2435 133 2466 40

155 245 207 279 [Α.
229 246 321 278 1256]
791 237 1103 273 CHRONICON
1132 236 1301 272 ESTEN
1305 236 1365 271 SE
1952 236 1997 270 ‘29

157 375 192 402 et
216 369 347 401 filiabus
372 375 406 401 et
429 369 632 406 substantiis,
662 369 706 401 de
739 378 883 411 quorum
908 373 996 400 statu
1020 368 1054 399 in
1079 366 1277 400 discrimine
1302 373 1398 400 tanto
1421 374 1518 400 erant
1541 366 1676 404 incerti,
1702 372 1772 398 tum
1796 365 1875 407 quia
1905 364 2002 397 vide—

155 422 238 454 bant
264 432 299 454 se
329 422 363 453 in
395 421 551 453 manibus
582 427 730 464 tyrapny
763 419 991 453 crudelissimi
1020 420 1234 452 constitutos.
1280 421 1381 452 Tunc
1404 420 1603 452 insatiabilis
1627 419 1802 451 homicida
1835 424 1867 450 et
1899 418 2003 449 draco

155 485 347 507 venenosus
370 473 500 506 addens
524 474 731 506 aflictionem
755 474 899 511 afflictis,
922 480 1041 515 preter
1064 474 1197 515 aliquos
1219 474 1416 513 sceleratos,
1439 474 1598 515 precepit
1622 472 1698 514 capi
1728 482 1846 504 omnes
1869 470 2004 513 penitus

155 526 346 564 Paduanos,
371 537 513 569 quorum
536 538 696 559 numerus
720 526 763 558 ad
787 525 971 558 duodecim
994 527 1087 558 milia
1115 527 1288 558 hominum
1317 526 1544 569 pertingebat,
1568 527 1729 567 ipsosque
1756 535 1832 556 cum
1855 522 2003 566 pedibus

156 580 312 623 alligatos
345 579 477 612 includi
500 580 587 612 fecit
610 579 805 611 carceribus
828 579 1028 618 tenebrosis,
1053 590 1138 622 quos
1162 590 1278 612 omnes
1304 581 1394 612 fame
1419 585 1452 611 et
1475 579 1549 611 aliis
1564 578 1744 620 suppliciis
1767 576 2004 609 miserabiliter

155 633 341 665 interfecit.
387 633 474 664 Item
497 634 665 674 precepit,
690 631 783 675 quod
813 632 841 664 si
873 632 995 675 aliquis
1026 632 1207 665 Paduanus
1238 634 1274 665 in
1302 634 1385 676 fuga
1411 633 1533 665 fuisset
1563 631 1808 673 deprehensus,
1841 629 2004 662 continuo

155 686 312 718 manibus
343 691 378 717 et
408 685 554 727 pedibus
577 686 779 727 privaretur.
825 685 994 727 Multique
1021 684 1094 717 ‘tali'
1125 696 1215 727 pena
1245 686 1356 727 puniti
1385 685 1544 718 iacebant
1574 685 1610 716 in
1642 685 1733 727 agris
1764 690 1798 716 et
1828 683 1894 715 viis
1924 693 2003 724 pro-

156 739 264 777 strati,
296 737 340 770 ad
371 749 514 781 quorum
546 739 736 771 horrendos
767 738 898 781 rugitus
932 737 1133 780 validosque
1169 739 1338 771 clamores
1368 738 1481 770 nullus
1510 743 1651 780 propter
1682 738 1838 768 timorem
1869 735 2005 779 tyrapni

156 797 344 823 commotus
367 791 601 823 misericordia
623 790 836 823 flectebatur.
883 791 985 823 Tunc
1016 791 1118 823 etiam
1140 790 1358 822 Ansidixium
1389 790 1514 823 sororis
1545 801 1603 822 sue
1635 790 1764 821 filium¹
1796 788 2005 831 gravissimis

157 844 312 875 cathenis
337 855 414 876 cum
437 843 582 886 pedibus
606 843 767 886 alligavit,
791 843 961 885 inponens
985 844 1029 882 ei,
1054 843 1132 886 quia
1155 854 1225 875 non
1249 843 1338 875 bene
1353 842 1507 875 Paduam
1532 842 1723 875 custodivit.
1770 842 1831 874 Set
1855 841 2005 874 crudelis

157 902 190 928 et
213 896 317 938 impie
340 903 496 940 tyrapne,
521 907 583 928 cur
605 897 680 928 Deo
705 906 775 928 non
799 896 939 927 atribuis
954 896 1074 928 Padue
1093 896 1298 938 captionem,
1316 902 1435 928 contra
1453 907 1553 938 quem
1577 896 1669 927 nulla
1692 901 1804 936 potest
1826 894 2005 936 sapientia,

157 954 191 980 et
214 949 356 981 scientia
379 949 581 990 prevalere?
628 948 708 980 Non
732 948 821 980 enim
851 949 887 979 in
917 948 1132 980 multitudine
1163 948 1369 980 bellatorum
1393 954 1426 980 et
1452 948 1549 980 fatali
1577 948 1848 985 constellatione,
1873 947 1907 978 in
1931 946 2005 989 qui-

156 1001 219 1033 bus
242 1002 397 1039 confidis,
423 1001 597 1034 obtinetur
612 1001 759 1033 victoria
781 1001 984 1043 preliorum:
1010 1007 1060 1033 set
1083 1000 1199 1033 divine
1223 1001 1430 1043 volunptatis
1454 1001 1594 1033 arbitrio
1623 1001 1738 1033 omnia
1769 1001 2003 1042 disponuntur.

158 1054 279 1086 Saltim
302 1055 347 1086 ad
378 1055 445 1086 hoc
469 1053 680 1086 credendum
703 1054 856 1091 firmiter,
881 1064 901 1085 o
924 1054 1071 1095 pessime
1094 1053 1280 1093 hominum,
1305 1060 1337 1085 te
1362 1054 1514 1093 inducat,
1539 1054 1633 1096 quod
1656 1063 1718 1095 per
1742 1054 1907 1095 populum
1924 1063 2005 1084 con-

157 1106 360 1139 temtibilem
385 1113 420 1139 et
443 1117 600 1150 egenum,
624 1116 726 1148 quem
747 1116 810 1148 pro
834 1106 963 1138 nichilo
988 1106 1181 1148 reputabas‚
1214 1107 1333 1138 divino
1364 1106 1492 1138 iudicio
1524 1106 1635 1139 subito
1666 1106 1819 1138 Paduam
1852 1105 2003 1136 munitis-

157 1160 275 1192 simam
301 1159 486 1192 admixisti:
513 1160 606 1202 quod
629 1170 690 1201 per
714 1160 793 1191 anni
816 1159 961 1201 spatium
986 1169 1087 1201 posse
1110 1159 1184 1191 fieri
1202 1159 1340 1191 minime
1358 1159 1573 1192 credidisses
1620 1160 1657 1192 Si
1681 1165 1751 1191 tota
1775 1158 2006 1191 consurrexis-

158 1219 209 1245 set
232 1219 353 1245 contra
376 1220 408 1245 te
433 1213 553 1244 militia
576 1212 743 1254 galicana‚
768 1217 805 1244 tu
837 1211 1005 1244 credebas
1027 1212 1186 1244 inimicos
1210 1212 1253 1244 ab
1277 1213 1432 1255 ingressu
1464 1212 1622 1244 Marchie
1650 1211 1855 1255 prohybere‚
1883 1211 2006 1243 fluvios

159 1266 387 1304 desiccando3
412 1272 463 1298 set
487 1266 654 1298 Dominus
677 1265 841 1297 malitiam
866 1271 958 1297 tuam
983 1265 1020 1297 in
1044 1266 1158 1307 capud
1181 1271 1275 1297 tuum
1301 1266 1481 1303 convertit,
1506 1276 1565 1297 eos
1588 1265 1668 1298 sicis
1700 1265 1848 1306 pedibus
1872 1263 1916 1296 ad
1940 1264 2005 1295 Pa-

159 1319 272 1352 duana
294 1319 409 1351 menia
430 1318 667 1361 perducendo.
714 1318 845 1350 Desine
862 1318 988 1361 itaque,
1004 1319 1156 1351 minister
1174 1319 1337 1357 Sathane,
1367 1319 1484 1350 desine
1513 1319 1679 1350 adversus
1702 1318 1820 1349 mundi
1844 1317 2005 1359 opificem

158 1373 317 1412 insanire,
333 1373 456 1411 sciens,
480 1372 560 1414 quia
583 1371 706 1403 durum
731 1376 782 1403 est
804 1370 865 1403 tibi
890 1378 1011 1403 contra
1034 1372 1281 1413 omnipotentis
1305 1372 1477 1404 stimulum
1502 1372 1692 1403 calcitrare.
1740 1371 1822 1402 Post
1852 1380 2003 1402 mensem

158 1432 271 1457 autem
295 1437 315 1457 a
340 1426 501 1467 captione
524 1424 655 1463 Padue,
681 1435 756 1456 cum
775 1425 893 1456 civitas
918 1435 1083 1467 aquarum
1106 1424 1274 1456 beneficio
1298 1425 1479 1466 plurimum
1496 1425 1679 1467 indigeret,
1698 1424 1779 1466 quia
1795 1423 1831 1454 in
1849 1423 2004 1455 districtu

158 1479 334 1511 vicentino
359 1485 523 1522 tyrapnus
547 1478 681 1509 fecerat
705 1478 863 1516 claustra,
888 1488 931 1510 ne
955 1488 1073 1509 versus
1089 1478 1245 1509 Paduam
1261 1478 1382 1509 fluvius
1402 1483 1589 1516 emaneret,
1608 1477 1739 1519 legatus
1762 1478 1806 1508 ad
1831 1477 2005 1508 destruen-

157 1532 237 1564 dum
261 1531 418 1574 predicta
440 1531 618 1564 obstacula
642 1541 719 1563 cum
743 1532 897 1564 exercitu
921 1532 1131 1573 properavit.
1180 1530 1285 1568 Quod
1310 1541 1387 1563 cum
1412 1530 1561 1563 audisset
1578 1537 1730 1572 potestas
1746 1530 1918 1567 Vicentie,
1944 1540 2003 1562 oc-

159 1586 265 1618 currit
289 1585 338 1617 eis
361 1584 527 1617 audacter
550 1596 627 1617 cum
652 1584 770 1617 militia
792 1585 975 1623 vicentina,
999 1591 1033 1617 et
1056 1584 1154 1617 inito'
1172 1585 1370 1624 certamine,
1393 1585 1552 1617 Potestas
1575 1591 1609 1616 et
1631 1585 1728 1616 multi
1746 1594 1823 1615 curn
1846 1594 1888 1615 eo
1905 1583 2002 1615 nobi-

160 1640 208 1672 les
230 1639 296 1671 viri
318 1640 353 1670 in
376 1638 488 1680 prelio
513 1639 725 1676 ceciderunt,
750 1640 936 1681 omnesque
960 1638 1021 1670 alii
1044 1639 1189 1681 turpiter
1213 1644 1290 1670 sunt
1313 1638 1436 1681 fugati,
1453 1638 1640 1680 fractisque
1657 1637 1814 1669 claustris
1829 1647 2004 1679 aquarum,

158 1693 291 1736 legatus
315 1702 392 1724 cum
417 1692 568 1724 exercitu
592 1691 746 1724 Paduam
771 1698 821 1724 est
844 1703 1010 1724 reversus.

244 1745 329 1778 Post
351 1746 416 1777 hec
441 1746 535 1777 circa
557 1745 734 1777 introitum
758 1745 893 1787 augusti
916 1746 1066 1789 Legatus
1092 1756 1168 1777 cum
1192 1756 1317 1788 magno
1341 1745 1495 1777 exercitu
1518 1755 1634 1778 versus
1651 1745 1849 1776 Vicentiam
1875 1743 2007 1786 equita-

157 1799 216 1837 vit,
240 1798 466 1840 pervenitque
498 1799 543 1830 ad
574 1798 719 1841 burgum
745 1797 933 1830 Custodie²
962 1799 1021 1831 ubi
1046 1805 1096 1831 est
1127 1804 1262 1831 antrum
1280 1798 1436 1831 mirabile
1468 1797 1511 1830 acl
1541 1798 1748 1835 videndum;
1781 1797 1898 1839 ibique
1929 1802 2006 1828 sunt

158 1858 276 1884 exorte
300 1851 389 1883 inter
410 1851 588 1893 principes
612 1851 853 1883 contentiones
880 1858 914 1884 et
944 1852 1140 1894 questiones
1165 1852 1308 1884 diverse.
1356 1851 1418 1884 Set
1441 1851 1614 1893 principia
1637 1852 1777 1883 fuerunt
1807 1850 1880 1888 ista,
1913 1850 2005 1892 quod

158 1905 404 1943 Bononienses,
428 1904 471 1936 de
498 1904 620 1947 quibus
645 1910 717 1937 erat
740 1905 774 1936 in
797 1906 950 1938 exercitu
973 1911 1042 1937 tam
1066 1905 1209 1938 militum
1234 1916 1334 1948 quam
1358 1905 1511 1947 peditum
1528 1905 1674 1936 maxima
1697 1903 1890 1942 multitudo,
1915 1903 2005 1934 versi

156 1958 194 1989 in
216 1958 420 1997 sedictione,
444 1957 615 1997 dixerunt,
639 1969 675 1990 se
699 1958 790 1990 nolle
815 1959 904 1991 ultra
928 1960 1132 2001 procedere,
1149 1959 1251 1990 immo
1268 1958 1429 1990 volebant
1446 1957 1490 1990 ad
1506 1958 1648 2000 propria
1663 1967 1827 1989 remeare.
1873 1957 2005 1988 Videns

159 2017 270 2043 autem
292 2011 453 2054 Legatus,
476 2011 512 2042 in
535 2011 690 2043 exercitu
713 2021 786 2043 esse
811 2011 1041 2044 dissensiones
1065 2013 1264 2051 animorum,
1289 2022 1374 2054 quas
1398 2022 1467 2043 non
1491 2016 1626 2052 poterat
1653 2010 1821 2053 mitigare,
1849 2010 2005 2041 Paduam

157 2065 312 2106 protinus
329 2070 380 2096 est
402 2075 569 2096 reversus.
616 2064 856 2096 Bononienses
879 2071 1004 2103 autem,
1029 2065 1085 2107 qui
1104 2076 1182 2097 cum
1197 2075 1322 2107 magno
1347 2065 1486 2096 fervore
1509 2069 1677 2095 venerant
1692 2064 1727 2094 in
1750 2062 1944 2095 Marchiam
1961 2062 2005 2093 ad

157 2118 337 2161 Legatum,
353 2117 500 2149 inventis
516 2117 660 2149 fruvolis
677 2117 933 2157 occaxionibus‚
950 2119 1178 2162 ignominiose
1195 2119 1239 2150 ad
1261 2118 1407 2161 patriam
1425 2117 1613 2150 redierunt.
1638 2117 1712 2148 Hiis
1729 2116 1888 2159 cognitis,
1905 2115 2005 2147 Ecel-

158 2169 246 2201 linus
269 2169 424 2201 audatior
447 2169 603 2209 effectus,
627 2180 759 2201 rursum
784 2170 818 2201 in
841 2181 935 2202 arma
958 2171 1077 2202 furens
1106 2177 1140 2202 et
1170 2171 1216 2202 ad
1238 2169 1512 2212 recuperandam
1543 2167 1697 2200 Paduam
1728 2179 1855 2200 vesana
1887 2173 2002 2199 mente

159 2222 323 2264 aspirans,
347 2232 453 2264 prece
478 2233 519 2255 ac
542 2223 662 2264 precio
687 2223 731 2254 de
756 2223 861 2255 totius
883 2223 1091 2255 Lombardie
1115 2223 1248 2262 finibus,
1272 2223 1331 2254 ubi
1355 2223 1507 2254 fautores
1530 2222 1690 2260 habebat,
1707 2221 1881 2260 militibus,
1904 2220 2002 2263 pedi—-

158 2275 247 2307 tibus
272 2281 305 2307 et
328 2275 510 2307 balisteriis
533 2276 760 2319 congregatis,
789 2286 866 2308 cum
899 2276 1031 2319 ingenti
1055 2277 1273 2309 multitudine
1297 2275 1501 2308 bellatorum
1525 2281 1646 2307 contra
1671 2274 1823 2307 Paduam
1849 2279 1899 2306 est
1922 2284 2003 2316 pro-

158 2328 281 2360 fectus.
326 2328 432 2360 Cuius
455 2328 643 2360 terribilem
667 2329 853 2361 adventum
876 2329 1026 2372 Legatus
1050 2336 1084 2361 et
1106 2330 1266 2362 Marchio
1283 2335 1532 2372 cognoscentes
1555 2334 1589 2359 et
1606 2329 1651 2360 ad
1667 2327 1888 2370 pugnandum
1913 2337 2005 2359 cam-

157 2382 265 2424 pestri
288 2381 396 2423 prelio
420 2392 497 2413 cum
521 2388 667 2425 tyrapno
692 2382 841 2424 impares
863 2382 992 2414 viribus
1015 2393 1051 2415 se
1075 2384 1245 2421 videntes,
1268 2383 1433 2414 fossatum
1457 2381 1551 2413 circa
1574 2381 1700 2423 burgos
1723 2381 1841 2412 Padue
1867 2391 1886 2411 a
1909 2386 2006 2422 parte

158 2433 370 2467 occidentali
395 2444 472 2466 cum
496 2435 721 2467 festinatione
744 2435 818 2467 fieri
842 2442 1083 2477 preceperunt,
1115 2436 1159 2467 ad
1183 2435 1330 2467 furentis
1354 2434 1501 2467 Ecellini
1526 2434 1690 2476 impetum
1720 2433 1938 2476 coybendum
1971 2439 2005 2465 et

157 2488 297 2519 concite
320 2488 497 2527 Venetias,
521 2489 716 2520 Ferrariam
740 2495 774 2521 et
796 2488 975 2521 Mantuam
999 2489 1143 2521 nuncios
1167 2489 1365 2531 dirigentes,
1391 2488 1597 2530 colligerunt
1621 2487 1656 2517 in
1679 2497 1785 2518 unum
1802 2486 1947 2518 militum
1972 2493 2006 2518 et

157 2541 310 2582 peditum
341 2551 410 2572 non
441 2541 612 2573 modicam
637 2542 871 2584 quantitatem.
918 2541 1096 2574 Patriarca
1120 2542 1223 2574 etiam
1248 2540 1490 2584 aquileiensis³
1515 2551 1591 2572 cum
1616 2539 1755 2571 decenti
1781 2539 1937 2571 sotietate
1969 2539 2004 2570 in

157 2604 274 2626 eorum
296 2594 416 2626 venire
439 2594 605 2626 auxilium
630 2594 815 2627 festinavit.
862 2595 1131 2627 Castrametatus
1163 2601 1214 2628 est
1246 2600 1357 2627 autem
1390 2593 1567 2626 Ecellinus
1592 2603 1669 2624 cum
1700 2591 1816 2625 valido
1849 2592 2004 2624 exercitu

245 2743 270 2766 4.
286 2737 376 2767 prima
395 2736 426 2758 di
441 2735 591 2760 Paduanos
610 2737 634 2760 A
652 2737 686 2759 Ιια
706 2736 737 2760 in
756 2735 912 2761 carceribus
931 2739 1037 2767 cspzmto
1058 2749 1089 2752 —
1111 2740 1134 2766 5.
1154 2734 1274 2766 alligans
1292 2734 1316 2758 A
1321 2744 1331 2761 ,·
1357 2734 1488 2765 alligatos
1508 2734 1588 2758 ANN.
1608 2734 1685 2758 Mun.
1706 2746 1738 2750 —
1758 2733 1783 2758 6.
1803 2732 1884 2764 Item]
1910 2733 2005 2764 itaque

160 2777 253 2807 Mna-3
273 2777 375 2801 iterum
396 2778 474 2802 ANN.
496 2791 529 2795 —
548 2777 573 2803 8.
593 2778 698 2810 iugitus
717 2778 758 2805 A,·
777 2778 888 2809 rugitus
907 2778 985 2802 Arm.
1005 2778 1083 2802 Mun.
1103 2790 1137 2795 —-
1161 2785 1187 2808 9.
1206 2776 1393 2807 Ansidixique
1412 2775 1436 2799 A
1456 2788 1487 2792 —
1510 2782 1552 2800 12.
1576 2775 1784 2799 multitudinem
1802 2775 1826 2798 A
1845 2789 1877 2792 —
1899 2781 1940 2806 14.
1960 2782 2008 2807 per

160 2826 251 2842 manca
264 2819 293 2842 in
306 2820 347 2846 A:
360 2819 383 2842 lo
396 2819 430 2841 luz
443 2819 466 2842 z‘l
478 2820 555 2844 Mmz.
570 2828 582 2842 e
602 2819 625 2843 lo
644 2820 731 2843 hanno
740 2819 786 2851 gli
802 2819 881 2844 ANN.
896 2832 928 2836 ——
947 2820 987 2843 18.
1008 2818 1085 2850 sicis]
1106 2819 1163 2843 suis
1182 2819 1208 2841 B
1226 2819 1304 2842 Mun.
1326 2831 1358 2835 —
1376 2823 1416 2848 ¹9.
1435 2817 1540 2841 Sathan
1562 2817 1575 2840 ἕ
1594 2817 1633 2845 Α,·
1652 2817 1773 2842 Sathane
1792 2816 1913 2848 toglz‘amo
1933 2816 2009 2847 dagli

159 2862 238 2885 Arm.
257 2869 273 2883 α
291 2862 335 2883 cui
353 2860 386 2883 Ιια
405 2861 498 2884 attinto
518 2862 598 2885 ant-lte
617 2861 639 2884 il
658 2862 733 2886 Mun.
756 2875 788 2880 —
808 2860 850 2892 36.
868 2860 1006 2892 fautores]
1027 2861 1150 2885 factores
1169 2861 1192 2884 A
1213 2873 1245 2876 -
1266 2865 1308 2890 42.
1328 2858 1481 2890 aquilensis
1500 2859 1524 2884 A
1543 2873 1574 2877 ——
1595 2866 1636 2890 43.
1655 2860 1888 2883 castramentatus
1907 2859 1929 2882 A

245 2950 254 2966 ¹
274 2951 392 2983 Agnete.
1197 2949 1207 2966 ³
1226 2951 1376 2983 Gregorio-

244 2993 256 3010 2
275 2994 410 3020 Costozza
434 3002 450 3019 a
469 2995 520 3021 sud
539 2995 567 3020 di
586 2995 725 3027 Longare.

2081 693 2155 717 Mum,

2080 1600 2098 1613 s.
2114 1597 2143 1615 3«)
2153 1599 2165 1611 ιι

2173 694 2208 712 ,3.’1
