2297 3476
155 1205 173 1219 t.
189 1203 241 1221 317

112 1465 185 1484 Mun..
206 1463 246 1483 ³1⁴

269 2525 299 2541 10

316 169 363 201 22
946 156 1258 193 CHRONICON
1285 153 1517 190 ESTENSE
1854 156 1935 190 [AA.
1958 156 2152 188 1250-1252]

401 295 471 328 Sub
495 294 651 336 predicto
675 301 839 323 annorum
864 289 1004 326 circulo,
1028 286 1280 329 potentissimus
1304 283 1492 317 Federicus
1516 282 1550 313 in
1574 281 1630 313 die
1653 286 1771 312 sancte
1795 280 1902 312 Lucie
1927 279 2039 311 lucem
2057 278 2151 310 istius

313 351 380 382 vite
397 349 488 391 apud
504 346 736 379 Florentinum
753 343 894 376 admixit
909 343 945 374 in
962 341 1097 383 Apulea
1109 342 1130 378 ¹,
1155 338 1405 380 descenditque
1422 337 1466 368 ad
1483 335 1623 372 inferos,
1647 334 1753 366 nichil
1775 343 1891 365 secum
1912 333 2075 365 deferens
2090 330 2153 362 nisi

314 403 468 435 fisculum
492 406 724 443 peccatorum.

1153 472 1312 514 MCCLJ.

401 549 596 583 Inocentius
618 559 710 591 papa
733 553 810 589 post
833 552 975 578 mortem
1001 543 1197 586 nequissimi
1221 540 1390 578 Federici‚
1415 539 1516 572 factis
1539 538 1729 570 Alemanee
1754 548 1831 569 cum
1857 537 1996 579 prelatis
2014 542 2047 568 et
2063 535 2155 577 prin-

315 605 446 647 cipibus
470 602 643 639 ordinatis,
667 602 760 633 circa
783 610 887 642 pasca
910 598 1028 631 exiens
1051 597 1094 629 de
1117 595 1301 638 Lugdinio,
1326 593 1420 625 venit
1446 592 1491 624 ad
1521 592 1720 625 ianuensem
1745 590 1926 628 civitatem,
1949 589 2008 621 ubi
2040 597 2157 619 omnes

313 663 489 699 magnates
512 654 730 692 Lombardie,
756 653 813 695 qui
837 653 925 684 viam
950 651 1108 682 Ecclesie
1131 647 1358 685 sectabantur,
1384 652 1417 678 et
1445 655 1522 677 cum
1548 644 1741 676 reverentia
1765 648 2004 679 occurrerunt;
2030 640 2157 672 deinde

316 710 410 742 venit
432 708 675 745 Mediolanum,
693 713 726 738 et
743 711 945 747 recuperata
968 703 1104 735 civitate
1121 700 1290 738 laudensi,
1307 699 1473 731 transiens
1500 707 1562 740 per
1594 696 1847 733 Lombardiam‚
1865 694 2070 727 festinanter
2092 693 2158 725 Pe-

315 763 439 794 rusium
466 761 673 804 properavit.

402 815 534 847 Eodem
558 821 721 855 tempore.
746 811 898 854 Populus
915 810 1128 853 placentinus
1151 809 1267 839 furore
1294 815 1378 837 ceco
1397 810 1516 836 contra
1533 813 1611 835 suos
1634 802 1758 834 milites
1776 802 1975 837 concitatus,
1999 798 2159 830 auxilium

315 867 594 901 Cremonensium
618 866 811 908 inploravit,
837 871 880 901 et,
906 863 1054 904 expulsis
1078 861 1249 897 militibus,
1274 859 1367 891 Ober
1400 857 1633 889 Palavicinum
1665 855 1698 886 in
1716 865 1810 886 suam
1838 853 2025 895 perniciem
2058 850 2161 893 elegit

314 923 349 953 in
374 921 546 954 dominum
572 926 605 952 et
627 925 806 951 rectorem.

402 975 537 1007 Eodem
560 973 751 1005 millesimo.
776 971 957 1003 Conradus
980 970 1067 1001 filius
1091 967 1261 1006 Federici‚
1286 965 1502 998 descendens
1525 962 1568 994 de
1586 961 1777 999 Alemania‚
1801 959 1896 991 venit
1918 959 2105 995 Veronam,
2129 961 2163 988 et

317 1039 393 1060 cum
417 1027 543 1059 auxilio
568 1025 715 1058 Ecellini
739 1024 773 1055 in
797 1033 910 1055 mense
934 1021 1126 1054 decembris
1157 1019 1298 1052 intravit
1321 1019 1356 1050 in
1387 1017 1472 1049 mari
1506 1016 1542 1047 in
1578 1021 1678 1057 portu
1701 1014 1844 1045 Texane
1870 1018 1903 1044 et
1933 1011 2101 1053 navigans
2126 1009 2162 1040 in

317 1080 479 1123 Apuliam
504 1091 578 1112 eam
603 1089 679 1110 cum
702 1078 814 1110 insula
838 1076 957 1109 Sicilie
983 1074 1128 1107 obtinuit
1151 1073 1341 1106 secundum
1373 1069 1627 1112 beneplacitum
1651 1077 1711 1100 sue
1734 1065 1964 1108 volumptatis.

403 1134 536 1165 Eodem
548 1131 738 1164 millesimo.
757 1129 914 1162 Mortuus
929 1135 979 1161 est
995 1126 1186 1160 Rainaldus
1202 1127 1236 1158 in
1254 1124 1392 1167 Apulia,
1410 1123 1497 1155 filius
1511 1121 1720 1154 marchionis
1731 1119 1882 1162 Acconis
1896 1117 2049 1156 estensis,
2061 1126 2162 1158 quem

317 1197 379 1228 pro
403 1187 524 1219 obside
548 1190 733 1230 acceperat
756 1183 1014 1215 infelicissimus
1042 1180 1239 1213 Federicus.
1286 1177 1453 1220 Reliquid
1485 1182 1596 1208 autem
1624 1174 1729 1206 filium
1763 1179 1796 1204 et
1826 1172 1912 1204 filias
1944 1170 2039 1208 duas,
2064 1169 2164 1211 'quos

316 1239 435 1272 habuit
459 1240 501 1271 de
525 1238 673 1282 quadam
696 1236 945 1269 formosissima
968 1235 1080 1277 puela‚
1105 1239 1139 1266 et
1162 1231 1303 1264 militari
1336 1230 1442 1272 stirpe
1469 1229 1596 1273 genita,
1621 1228 1701 1272 dum
1725 1227 1760 1257 in
1784 1235 1924 1257 carcere
1948 1223 2029 1255 satis
2051 1222 2164 1254 curia-

318 1293 396 1325 liter
420 1297 603 1324 teneretur.
649 1290 809 1322 Marchio
834 1295 947 1321 autem
972 1286 1119 1320 naturali
1151 1295 1266 1317 amore
1298 1284 1471 1321 inductus,
1503 1281 1587 1314 fecit
1611 1285 1712 1312 caute
1737 1279 1824 1310 filios
1847 1287 1926 1310 suos
1949 1275 2164 1308 dulcissimos

319 1347 383 1379 sibi
408 1347 452 1378 de
476 1345 601 1387 Apulie
625 1343 777 1386 partibus
801 1342 959 1385 aportari,
984 1348 1018 1373 et
1042 1340 1126 1372 fecit
1149 1340 1241 1381 ipsos
1264 1338 1337 1369 fieri
1361 1336 1559 1379 legiptimos
1583 1345 1646 1376 per
1662 1333 1836 1366 dominum
1854 1341 1978 1374 papam
1995 1331 2165 1361 Innocen-

318 1400 401 1432 tium
426 1405 593 1441 quartum,
617 1408 679 1439 per
708 1407 825 1440 regem
857 1395 1052 1432 Alemanie,
1084 1393 1219 1425 scilicet
1251 1401 1313 1433 per
1337 1391 1596 1432 Imperatorem.
1643 1387 1758 1419 Puero
1790 1391 1902 1417 autem
1935 1392 2059 1416 nomen
2090 1387 2162 1414 erat

323 1452 445 1495 Obieo,
468 1451 526 1494 qui
549 1451 654 1492 patris
677 1458 883 1493 ymagynem
906 1455 976 1480 tam
1000 1447 1036 1478 in
1061 1446 1188 1483 colore,
1214 1454 1315 1486 quam
1338 1444 1374 1475 in
1391 1441 1609 1474 menbrorum
1639 1438 1862 1481 dispositione
1880 1434 2163 1468 manifestissime

321 1504 495 1543 exibebat,
532 1504 680 1536 omnium
713 1513 849 1535 suorum
884 1501 1051 1534 bonorum
1082 1499 1225 1531 firmiter
1258 1496 1448 1534 constituit,
1482 1501 1515 1526 et
1553 1493 1744 1526 declaravit
1782 1490 1956 1523 heredem.
2003 1488 2166 1521 Predicte

321 1565 433 1591 autem
456 1558 525 1589 filie
549 1558 705 1589 maritate
729 1556 869 1588 fuerunt
892 1565 960 1586 una
984 1555 1018 1585 in
1042 1554 1144 1585 domo
1169 1552 1212 1583 de
1243 1549 1469 1593 Rangonibus
1487 1548 1529 1580 de
1546 1547 1692 1583 Mutina,
1710 1552 1743 1577 et
1761 1545 1826 1576 alia
1842 1544 1878 1575 in
1895 1544 1997 1575 domo
2015 1543 2058 1574 de
2075 1542 2167 1574 Fon-

322 1618 403 1644 tana
426 1612 470 1644 de
498 1610 667 1643 Ferraria.

1150 1685 1299 1719 Mccm
1301 1685 1332 1727 J.

408 1764 573 1797 Dominus
608 1762 796 1806 Gregorius
833 1762 875 1793 de
911 1759 1183 1802 Monte—Longo,
1215 1757 1273 1800 qui
1305 1755 1420 1788 multis
1451 1754 1549 1787 annis
1580 1754 1616 1785 in
1643 1751 1853 1785 Lombardia
1885 1750 2034 1792 fungens
2065 1747 2169 1780 offitio

321 1818 512 1861 legationis,
535 1824 603 1849 tam
627 1816 774 1849 fideliter
798 1825 899 1858 quam
934 1814 1122 1856 prudenter
1146 1821 1209 1854 pro
1240 1820 1383 1842 romana
1410 1808 1569 1841 Ecclesia
1594 1805 1774 1844 laboravit,
1797 1804 1974 1837 ordinatus
1998 1801 2170 1844 patriarca

321 1870 575 1914 aquilegensis²
599 1881 619 1901 a
642 1880 732 1911 papa
754 1868 943 1905 Inocentio,
969 1867 1012 1898 de
1036 1875 1152 1897 mense
1175 1864 1321 1907 januarii
1345 1863 1472 1895 Forum
1495 1861 1577 1904 Julii
1601 1865 1652 1891 est
1668 1860 1850 1902 ingressus.

407 1924 445 1955 In
470 1923 626 1966 sequenti
650 1931 778 1959 mense,
801 1921 963 1953 videlicet
986 1918 1163 1956 februarii,
1187 1916 1383 1950 Riccardus
1407 1925 1523 1947 comes
1540 1913 1659 1945 Sancti
1675 1910 1860 1950 Bonefatii,
1877 1909 1934 1952 qui
1950 1908 2091 1940 multum
2106 1916 2169 1948 pro

323 1976 480 2008 Ecclesia
504 1981 623 2008 contra
646 1973 850 2007 Federicum
875 1980 909 2005 et
931 1972 1125 2004 Ecellinum
1149 1970 1320 2012 perfidum
1344 1967 1522 2005 laboravit,
1549 1976 1625 1998 cum
1651 1970 1739 1997 esset
1755 1963 1891 2007 Bryssie
1907 1962 1997 1994 viam
2022 1966 2073 1993 est
2095 1958 2170 1990 uni-

322 2039 419 2061 verse
433 2029 544 2061 carnis
561 2028 740 2071 ingressus.
783 2026 951 2069 Reliquid
968 2031 1081 2057 autem
1099 2034 1202 2055 unum
1218 2023 1322 2054 filium
1338 2021 1518 2063 parvulum
1535 2019 1672 2051 nomine
1688 2016 1914 2050 Lodovicum.
1955 2013 2171 2057 Bryssienses

413 2149 435 2166 1.
455 2143 483 2164 in
509 2142 531 2164 A
557 2142 569 2163 ἐ
594 2142 683 2164 scritto
702 2141 730 2162 in
751 2139 869 2169 margine
890 2137 990 2161 d'altra
1011 2144 1084 2159 mano
1105 2135 1226 2160 moritur
1245 2135 1271 2157 F
1287 2147 1296 2151 -
1315 2134 1356 2165 gli
1375 2134 1454 2156 Amr.
1475 2131 1544 2154 nella
1562 2133 1662 2161 stampcz
1683 2129 1748 2152 dello
1762 2127 1833 2160 s⁰ff⁶³
1856 2127 1958 2150 hanno:
1979 2123 2116 2150 curriculo
2141 2124 2169 2145 in

325 2184 398 2215 luogo
417 2184 446 2206 dt
470 2183 582 2207 circulo.
619 2182 683 2204 Pero
709 2181 731 2203 z'l
749 2180 831 2203 codice
856 2180 982 2209 Par-igino
1011 2180 1038 2201 81
1067 2176 1112 2207 (af.
1134 2177 1169 2200 M.
1199 2176 1230 2200 G.
1260 2176 1300 2205 H.7
1327 2174 1408 2201 XIX,
1424 2177 1451 2204 p.
1472 2174 1533 2203 149)
1554 2180 1611 2196 νει-α
1637 2171 1742 2195 circulo
1768 2184 1778 2187 -
1802 2169 1845 2201 gli
1863 2169 1959 2192 Amm:
1980 2167 2076 2191 sancte
2095 2166 2170 2189 Luce

324 2225 485 2249 infirmitate
515 2224 638 2248 maxima
666 2222 850 2254 pregravatus
877 2221 967 2245 lucem
993 2220 1076 2244 istius
1102 2220 1219 2243 vite....
1246 2217 1300 2240 Ναί
1326 2217 1408 2240 codice
1436 2208 1564 2246 Parig'ino
1594 2214 1621 2237 81
1651 2220 1792 2239 mam-ano,
1818 2219 1884 2234 come
1912 2209 1954 2233 nel
1977 2208 2170 2231 Chronicon

322 2267 480 2293 Estcnse,
508 2266 530 2289 le
552 2265 642 2296 parole
662 2264 1025 2295 infirmitate-pregravatus
1045 2275 1077 2279 --
1097 2269 1122 2293 3.
1148 2260 1270 2284 fisculum
1296 2258 1458 2282 fasciculum
1479 2257 1556 2281 MUR.
1582 2257 1604 2279 il
1628 2256 1710 2279 codice
1738 2255 1865 2284 Parigino
1892 2253 1919 2275 81
1946 2251 2018 2282 degli
2038 2251 2119 2274 ANN.
2137 2249 2171 2271 ha

321 2309 459 2337 fisculum3
476 2308 520 2339 gli
544 2308 609 2331 altri
633 2307 715 2330 codici
739 2306 825 2328 hanno
845 2304 983 2329 fusculum
1009 2304 1133 2328 seculum
1153 2310 1167 2326 e
1187 2301 1327 2326 saeculum
1348 2314 1379 2317 ——
1398 2308 1423 2332 9.
1446 2300 1538 2330 prima
1564 2298 1726 2330 preparavit
1751 2297 1779 2318 in
1805 2295 1840 2321 A,
1862 2296 1909 2325 poi
1926 2296 2034 2317 corn-tto
2054 2297 2102 2324 pre
2126 2298 2171 2314 con

326 2358 376 2383 pro
396 2364 428 2367 —
450 2357 489 2373 11.
510 2350 646 2374 Obertum
670 2348 745 2372 ML'R.
775 2361 807 2364 ψ
830 2354 870 2378 14.
894 2345 1018 2377 Texane]
1046 2352 1142 2369 cesene
1161 2344 1185 2367 A
1203 2352 1215 2366 c
1235 2344 1328 2367 Mum:
1349 2343 1378 2365 in
1397 2342 1420 2365 A
1435 2343 1458 2364 si
1482 2341 1515 2364 Ῐια
1536 2347 1635 2364 cesane
1654 2347 1699 2362 con
1719 2351 1729 2355 -
1744 2345 1760 2362 a
1773 2350 1784 2355 -
1797 2335 1936 2360 cancellato
1960 2343 1972 2357 e
1997 2334 2124 2358 restituito
2144 2339 2170 2356 e:

321 2392 364 2423 gli
383 2393 461 2415 Amr.
482 2392 584 2415 hanno:
606 2391 727 2414 Texane.
765 2388 791 2411 Il
808 2389 891 2412 codice
909 2388 1037 2419 Parsgino
1052 2388 1080 2411 81
1094 2387 1145 2410 lm.-
1161 2386 1301 2409 Latexane
1323 2398 1355 2401 -
1378 2389 1418 2414 15.
1438 2384 1500 2414 dopo
1514 2381 1651 2414 Apuliam
1663 2380 1686 2403 A
1707 2387 1765 2411 agg.
1781 2380 1807 2403 et
1821 2391 1853 2395 —-
1878 2383 1918 2407 17.
1937 2376 2006 2400 duas
2023 2383 2071 2399 om.
2092 2375 2172 2398 Arm.

326 2441 367 2456 ma
386 2434 414 2456 in
427 2433 450 2456 A
462 2433 474 2455 ἐ
488 2434 613 2464 aggiunto
627 2431 734 2454 d'altra
754 2437 828 2453 mano
849 2431 877 2452 z‘n
897 2430 1017 2460 margine
1037 2442 1048 2446 -
1066 2435 1135 2460 quas
1148 2428 1219 2450 Mur.
1237 2440 1268 2444 —
1291 2426 1331 2450 18.
1352 2425 1425 2456 negli
1437 2426 1529 2449 ANN.:
1549 2423 1583 2448 de
1597 2423 1716 2455 quadam
1731 2420 1822 2453 puella
1842 2419 1930 2443 nobili
1949 2417 1982 2442 de
2001 2417 2113 2449 Apulia.
2140 2416 2171 2439 In

326 2476 348 2498 Α
369 2478 454 2505 queste
471 2474 560 2505 parole
578 2482 636 2497 sono
656 2473 794 2499 restituite,
816 2473 879 2503 perh
903 2475 979 2502 sopra
998 2471 1144 2498 abrasz'one,
1164 2469 1232 2492 dalle
1252 2469 1319 2492 altre
1332 2468 1399 2491 edite
1413 2467 1457 2490 nel
1474 2469 1534 2490 testo
1554 2466 1602 2496 qm'
1619 2467 1694 2495 sopra
1709 2477 1740 2480 —
1762 2469 1802 2494 19.
1822 2462 1884 2492 dopo
1904 2459 2078 2484 dulcissimos
2091 2459 2171 2483 MUR.

328 2518 404 2540 ihm.
424 2525 481 2548 agg.
502 2516 608 2540 fructus
628 2530 659 2532 —
682 2522 722 2539 20.
742 2515 797 2539 ecit
817 2515 846 2536 di
865 2513 933 2538 fecit
952 2516 1028 2544 sopra
1047 2514 1181 2535 abt-assona
1195 2513 1223 2534 in
1242 2511 1264 2534 A
1281 2524 1313 2528 —-
1329 2515 1420 2534 20—21.
1434 2510 1463 2532 in
1482 2508 1556 2539 luogo
1576 2508 1605 2529 di
1624 2513 1672 2538 per
1691 2505 1834 2529 dominum
1854 2509 1956 2535 papam
1976 2501 2172 2525 Innocentium

325 2559 363 2582 IV
380 2559 423 2590 gli
442 2560 519 2582 Amr.
539 2558 643 2581 hanno:
666 2564 714 2590 per
734 2556 825 2580 sedem
845 2555 1036 2587 apostolicam.
1073 2554 1105 2577 In
1125 2555 1148 2577 Α
1169 2553 1191 2576 le
1207 2552 1298 2584 parole
1317 2560 1375 2575 sono
1389 2552 1477 2574 srm'tte
1495 2552 1571 2580 sopra
1590 2548 1724 2571 abrasionc
1743 2560 1775 2564 —-
1796 2553 1837 2570 21.
1863 2546 1925 2575 dopo
1944 2544 2073 2575 quartum
2094 2542 2171 2566 Mux.

326 2608 384 2632 agg.
405 2604 431 2624 et
451 2613 460 2617 -
479 2600 583 2624 scilicet
603 2607 653 2630 per
671 2599 880 2631 imperatorem.
918 2597 1008 2621 Puero
1021 2598 1114 2621 autem
1134 2597 1162 2618 in
1182 2596 1205 2618 A
1223 2597 1298 2625 sopra
1317 2594 1451 2617 abrasione
1472 2606 1503 2609 —
1526 2598 1566 2623 23·
1578 2590 1622 2621 gli
1639 2591 1717 2613 Amr.
1732 2589 1818 2611 hanno
1837 2586 2022 2619 representat,
2033 2585 2096 2615 perh
2115 2584 2173 2607 exi-

326 2644 409 2667 bebat
433 2643 446 2665 ἐ
465 2643 523 2665 dato
543 2643 575 2664 drz
595 2643 644 2664 due
664 2641 777 2664 cdz'zz'om'
797 2638 844 2670 (M.
867 2640 898 2664 G.
928 2640 969 2667 H..
990 2638 1071 2665 XIX,
1088 2642 1114 2669 p.
1136 2638 1194 2667 149)
1215 2650 1246 2654 -
1276 2641 1364 2667 23-25.
1391 2634 1579 2659 Predicte....
1601 2631 1728 2656 Ferraria
1753 2630 1881 2661 aggiunta
1900 2628 2050 2658 posteriorc,
2070 2634 2112 2648 ma
2138 2626 2168 2647 di

325 2688 397 2715 poco,
417 2685 444 2707 in
459 2685 481 2707 Α
504 2697 535 2701 -
557 2689 598 2714 27.
618 2683 736 2707 offitium
757 2683 780 2705 A

328 2766 434 2791 garario
454 2766 467 2782 e
488 2758 533 2782 nel
553 2764 586 2789 24
611 2759 712 2789 agosto
735 2763 799 2788 1251
827 2757 866 2788 gli
892 2756 923 2781 fu
950 2756 1078 2780 {roncata
1104 2755 1129 2779 la
1155 2755 1228 2778 testa
1282 2754 1365 2777 silica
1384 2752 1413 2776 di
1433 2750 1637 2776 sant’Antonio
1658 2748 1693 2772 da
1713 2747 1835 2772 Padova.

329 2801 400 2825 sulla
418 2801 513 2831 piazza
533 2799 675 2832 maggiore
702 2798 730 2822 di
753 2798 875 2823 Padova.
915 2797 935 2821 Il
961 2805 1010 2821 suo
1036 2797 1170 2821 cadavere
1195 2796 1228 2820 fu
1371 2793 1378 2809 ¹
1402 2800 1431 2825 13
1453 2793 1481 2817 di
1502 2792 1652 2821 dicembre,
1671 2789 1742 2814 festa
1761 2789 1789 2813 di
1809 2790 1891 2813 santa
1910 2787 2007 2812 Lucia.

330 2843 532 2874 pietosaniente
552 2841 673 2864 raccolte
694 2840 765 2864 dalla
785 2846 834 2864 sua
853 2839 949 2871 prozia
967 2839 1056 2862 Daria
1075 2838 1108 2862 de
1132 2839 1227 2862 Baone
1370 2835 1380 2851 ‘³
1401 2835 1541 2867 Gregorio
1567 2833 1596 2857 di
1622 2832 1806 2862 Montelungo
1829 2830 1970 2861 patriarca
1993 2828 2021 2852 di
2047 2826 2176 2858 Aquileia

330 2892 344 2907 e
362 2882 393 2907 fu
412 2883 519 2915 sepolto
539 2883 569 2906 in
587 2889 643 2906 una
656 2889 720 2906 arca
740 2881 768 2904 di
783 2880 960 2911 marmo,che
975 2887 1078 2904 ancora
1092 2879 1136 2903 sul
1150 2879 1228 2911 prin·
1284 2877 1330 2910 (29
1349 2877 1498 2901 settembre
1515 2873 1610 2906 1251—8
1624 2872 1772 2898 settembre
1794 2870 1880 2902 1269).
1893 2869 1937 2895 Cf.
1953 2869 2048 2898 GAius,
2073 2867 2116 2898 Op.
2132 2868 2175 2889 cit.

329 2925 406 2957 cipio
426 2924 469 2948 del
488 2924 577 2948 secolo
599 2924 710 2956 passato
730 2922 860 2946 vedevasi
873 2922 943 2946 sulla
962 2921 1083 2946 faeciata
1097 2921 1167 2945 della
1179 2920 1226 2944 ba·
1283 2928 1308 2952 p.
1330 2925 1388 2951 774.

2187 797 2225 828 10

2190 1060 2226 1092 15

2188 1328 2230 1358 20

2191 1592 2232 1624 25

2193 1905 2234 1936 30

2205 2747 2238 2765 20
