2297 3476
78 1113 154 1136 Mun..
169 1112 207 1130 3⁴8

118 1224 137 1237 c.
151 1217 181 1241 5⁶
191 1223 205 1236 v

228 2656 260 2673 10

230 2864 258 2887 15

932 178 1244 214 CHRONICON
1271 177 1502 212 ESTENSE
1832 175 1916 215 [ΛΑ.
1939 183 2100 208 1299-130
2106 179 2135 214 ο]

378 308 512 340 Eodem
537 305 728 343 millesimo,
752 303 864 345 primo
886 303 971 346 julii.
1018 302 1104 334 Cum
1128 302 1285 334 dominus
1308 301 1450 343 Taynus
1478 301 1521 332 de
1545 300 1731 332 Bonacosis
1754 300 1798 332 de
1821 302 1964 334 Mantua
1987 304 2137 336 venisset

291 361 497 399 Ferrariam,
521 369 624 391 causa
647 357 798 389 habendi
822 367 842 387 a
865 355 1004 387 domino
1027 355 1227 386 marchione
1251 354 1394 396 Accone
1419 353 1582 384 auxilium
1606 360 1639 385 et
1663 353 1816 385 favorem
1833 355 2033 396 accipiendi
2051 356 2136 388 civi-

290 421 393 447 tatem
424 414 565 445 Mantue
596 410 696 443 fratri
726 420 786 441 suo
818 408 958 440 domino
989 407 1210 444 Bardellono,
1234 407 1291 449 qui
1320 412 1401 437 tunc
1434 406 1674 438 dominabatur
1698 406 1870 438 civitatem
1893 408 2078 445 Mantue¹;
2103 414 2137 441 et

289 465 438 497 habebat
462 463 645 506 quemdam
670 471 765 492 suum
790 459 1082 501 consanguineum
1113 457 1268 499 probum,
1293 462 1326 488 et
1349 457 1548 498 sapientem,
1574 463 1608 489 et
1631 468 1766 499 semper
1790 458 1959 490 tractabat
1983 459 2135 491 destruc-

286 520 415 550 tionem
448 516 531 548 dicti
565 514 695 547 domini
727 512 946 545 Bardellonis
974 517 1008 542 et
1039 511 1162 553 Tayni.
1211 510 1328 547 Quare
1357 509 1472 542 dictus
1500 510 1658 541 dominus
1689 510 1831 553 Taynus
1865 521 1902 543 se
1939 512 2045 543 movit
2080 523 2138 544 ve-

285 572 359 602 nire
382 570 579 602 Ferrariam
604 567 698 599 dicta
722 566 765 598 de
797 575 911 597 causa.
958 563 1124 595 Dominus
1157 563 1317 595 Marchio
1348 563 1480 604 recepit
1505 573 1582 593 eum
1613 563 1815 601 honorifice,
1841 569 1875 595 et
1906 563 1968 595 sibi
1991 574 2137 606 prexen-

282 624 347 656 tari
372 623 458 655 fecit
481 622 587 653 multa
611 621 654 652 de
678 620 765 656 suis,
791 614 912 661 postea
935 617 1077 659 protulit
1101 617 1132 648 ei
1156 620 1192 647 νο
1217 616 1345 648 milites
1377 622 1412 647 et
1436 626 1462 647 M
1490 616 1626 657 pedites
1649 626 1712 657 pro
1745 616 1841 648 dicto
1869 617 2021 659 negotio.
2068 618 2138 649 Do-

283 677 394 708 minus
418 676 560 718 Taynus
582 685 645 716 pro
671 673 743 705 eius
766 670 946 714 arogantia
976 670 1084 701 nichil
1107 669 1224 707 voluit,
1255 669 1322 700 nisi
1348 669 1521 700 dominum
1552 668 1691 700 Petrum
1722 668 1880 707 Abatem,
1905 670 1964 711 qui
1995 676 2136 710 patruus

284 736 356 762 erat
380 728 463 760 dicti
487 727 615 759 domini
630 725 862 762 Marchioni53
887 730 921 756 et
945 722 994 755 sic
1018 722 1150 761 habuit,
1175 728 1209 754 et
1232 721 1373 754 recessit
1397 722 1440 753 de
1465 721 1634 759 Ferraria,
1661 727 1694 752 et
1718 721 1780 753 ivit
1802 721 1993 760 Mantuam,
2017 722 2138 753 volens

284 784 319 814 in
342 781 498 824 sequenti
521 781 577 813 die
603 779 764 820 accipere
787 778 822 808 in
853 787 889 808 se
923 776 1094 808 civitatem
1125 775 1279 806 Mantue.
1328 773 1480 811 Quando
1508 775 1574 806 fuit
1600 775 1762 806 terminus
1794 774 1934 807 alterius
1962 774 2041 812 diei,
2075 775 2137 806 do-

282 836 392 867 minus
408 835 549 877 Taynus
567 833 651 865 dixit
668 832 763 864 dicto
781 830 918 862 domino
943 829 1048 861 Petro
1071 827 1194 860 Abati:
1220 827 1403 859 Abluamus
1426 827 1541 870 capita
1564 831 1688 868 nostra,
1706 832 1744 858 ut
1765 828 1953 869 pulcriores
1976 827 2138 859 intremus

282 900 317 920 m
340 888 582 927 d07m'natione;
607 891 641 917 et
672 885 722 916 sic
754 885 923 916 fecerunt.
970 882 1107 914 Interim
1139 881 1299 923 apparuit
1331 880 1416 920 dies,
1449 886 1484 912 et
1507 881 1608 912 ianue
1632 880 1780 913 civitatis
1811 887 1931 922 aperte
1961 886 2054 912 sunt:
2079 880 2137 911 ille

281 953 359 974 suus
391 939 678 983 consanguineus,
711 937 845 970 scilicet
876 934 1246 974 dominus‘TBotticella
1279 935 1322 966 de
1355 933 1578 973 Bonacosis2,
1604 934 1661 976 qui
1692 944 1761 965 non
1794 934 1996 973 dormiebat,
2026 944 2138 976 neque

282 996 434 1027 abluerat
457 994 582 1035 capud,
605 1002 721 1036 ymmo
745 991 853 1022 iverat
878 990 1053 1022 Veronam
1078 988 1217 1020 domino
1241 988 1406 1030 Albuyno
1431 988 1474 1019 de
1501 987 1532 1018 la
1557 987 1668 1026 Scala,
1701 987 1760 1029 qui
1791 993 1872 1019 tunc
1897 987 2138 1019 dominabatur

280 1049 464 1085 Veronam,
489 1045 533 1078 ad
556 1045 745 1087 petendum
768 1043 812 1075 ab
837 1053 878 1074 eo
902 1048 1034 1085 gentes,
1060 1052 1137 1073 cum
1161 1041 1282 1084 quibus
1306 1047 1422 1082 posset
1445 1051 1508 1082 per
1524 1041 1591 1072 vim
1609 1040 1768 1081 accipere
1796 1040 1967 1071 civitatem
1995 1040 2136 1071 Mantue

284 1111 347 1143 pro
371 1111 418 1138 se,
443 1106 476 1131 et
499 1099 544 1130 ad
568 1099 734 1129 honorem
757 1096 900 1139 Albuinj
928 1101 1007 1132 etc„
1032 1094 1102 1136 (qui
1126 1094 1282 1126 dominus
1305 1093 1476 1125 Albuinus
1499 1093 1564 1125 sibi
1584 1093 1679 1124 dedit
1694 1093 1819 1124 multos
1835 1092 1959 1124 milites
1975 1091 2037 1124 de'
2055 1092 2135 1132 suis)

281 1163 411 1185 summo
435 1163 535 1183 mane
560 1150 719 1193 pervenit
742 1160 844 1191 super
867 1149 1017 1190 plateam
1040 1148 1182 1179 Mantue
1208 1157 1286 1178 cum
1302 1147 1370 1178 suis
1388 1146 1627 1178 clamantibus:
1663 1146 1783 1178 Vivant
1807 1147 1926 1177 vivant
1947 1145 2078 1176 domini
2098 1145 2139 1176 de

281 1207 314 1238 la
330 1206 430 1238 Scala
453 1210 485 1237 et
507 1204 700 1243 Bottzbcella,
725 1207 757 1234 et
779 1206 925 1246 pereant
947 1202 1007 1232 isti
1027 1199 1262 1243 prodz'ctores'.
1298 1200 1466 1231 Dominus
1490 1199 1630 1242 Taynus
1654 1204 1687 1229 et
1714 1199 1872 1230 dominus
1897 1197 2018 1230 Petrus
2042 1197 2138 1229 Abas

278 1260 454 1291 audientes
476 1258 560 1290 talia
583 1257 740 1289 exierunt
763 1255 808 1288 ad
831 1255 1012 1292 fenestras,
1037 1260 1071 1285 et
1093 1253 1254 1285 viderunt
1277 1253 1407 1285 dictum
1425 1252 1599 1283 dominum
1616 1250 1836 1284 Bottixellam
1860 1261 1964 1293 super
1986 1251 2135 1292 plateam

279 1324 356 1345 cum
379 1312 486 1355 signis
510 1311 726 1343 dominorum
751 1310 794 1341 de
818 1310 851 1340 la
876 1308 996 1344 Sca1a;
1021 1307 1114 1339 unde
1138 1307 1222 1348 ipsis
1245 1305 1451 1343 videntibus,
1475 1305 1524 1337 sic
1548 1305 1711 1347 fugerunt
1744 1305 1787 1336 ad
1818 1311 1955 1346 portum
1987 1304 2136 1342 navium,

281 1374 314 1398 et
337 1367 551 1398 intraverunt
574 1364 699 1401 navim,
725 1368 760 1395 et
784 1373 885 1405 quam
903 1361 1003 1394 citius
1019 1366 1214 1402 potuerunt,
1231 1359 1473 1401 applicuerunt
1490 1359 1683 1391 Ferrariam
1701 1369 1778 1390 cum
1797 1357 1953 1389 omnibus
1970 1357 2014 1388 de
2032 1357 2135 1388 domo

279 1421 348 1457 sua,
372 1419 431 1451 ubi
453 1429 589 1460 semper
613 1417 771 1449 dominus
795 1415 954 1448 Marchio
978 1414 1064 1446 fecit
1089 1414 1122 1446 ei
1146 1413 1331 1445 maximum
1355 1413 1538 1449 honorem3
1564 1417 1598 1443 et
1621 1411 1670 1443 sic
1692 1411 1848 1443 dominus
1872 1410 2059 1442 Bottixella
2075 1411 2136 1441 ha-

279 1473 352 1505 buit
376 1472 646 1504 dominationem
670 1470 815 1502 Mantue
829 1468 851 1501 ³.

366 1526 500 1557 Eodem
525 1523 715 1556 millesimo.
761 1523 841 1555 Rex
856 1522 1004 1554 Karolus
1021 1521 1065 1553 de
1087 1520 1217 1562 Apulia
1233 1519 1453 1561 recuperavit
1477 1524 1583 1550 totam
1608 1517 1795 1561 Sycyliam,
1820 1528 1920 1560 quam
1945 1516 2007 1548 sibi
2032 1526 2135 1548 occu-

279 1579 382 1622 pabat
405 1590 466 1610 rex
488 1578 701 1621 Aragonum,
726 1575 865 1608 nomine
891 1575 1049 1608 dominus
1073 1574 1197 1606 Petrus
1221 1573 1265 1605 de
1288 1572 1464 1615 Aragona.

1137 1670 1278 1703 MCCC.

365 1743 534 1775 Dominus
564 1753 655 1784 papa
685 1740 891 1773 Bonefatius
914 1739 1087 1771 concessit
1118 1738 1273 1770 omnibus
1306 1736 1502 1769 christianis
1534 1747 1616 1768 vere
1643 1734 1876 1777 penitentibus
1904 1741 1938 1766 et
1969 1733 2135 1766 confessis

281 1803 314 1828 et
338 1795 560 1827 vixitantibus
583 1794 736 1826 sanctam
760 1793 934 1825 civitatem
958 1793 1083 1830 Rome,
1102 1798 1135 1823 et
1151 1791 1268 1823 beatos
1291 1789 1490 1832 appostolos
1514 1788 1655 1821 Petrum
1679 1795 1712 1820 et
1734 1787 1879 1820 Paulum
1901 1797 1964 1829 per
1987 1796 2035 1818 xv
2060 1786 2134 1818 dies

278 1849 327 1880 ibi
358 1848 569 1880 morantibus
594 1848 766 1886 continue,
799 1846 931 1878 scilicet
963 1845 1168 1883 forensibus,
1201 1843 1331 1876 civibus
1362 1853 1444 1875 vero
1468 1852 1532 1885 per
1560 1852 1636 1874 xxx
1669 1841 1753 1880 dies,
1785 1840 2032 1873 absolutionem
2063 1850 2136 1871 om—

280 1902 372 1933 nium
395 1908 620 1944 peccatorum
645 1911 763 1933 eorum
792 1906 826 1932 et
857 1899 1103 1931 remissionem.
1150 1898 1195 1929 Et
1217 1898 1254 1928 in
1278 1897 1342 1929 isto
1367 1903 1524 1938 tempore
1555 1901 1760 1937 recuperate
1785 1900 1861 1926 sunt
1885 1894 1989 1925 multe
2014 1892 2133 1924 civita-

280 1958 331 1984 tes
355 1958 389 1984 et
412 1953 489 1984 loca
512 1952 621 1983 Terre
646 1956 766 1983 sancte
789 1951 880 1982 ultra
903 1960 998 1981 mare
1022 1960 1086 1991 per
1108 1949 1283 1980 Tartaros.

368 2003 500 2035 Eodem
523 2002 714 2041 millesimo,
738 2002 783 2034 de
806 2012 922 2033 mense
952 2000 1027 2042 julii
1051 1999 1088 2031 in
1120 1999 1176 2031 die
1201 1998 1311 2030 sancti
1330 1997 1496 2040 Johannis
1520 1997 1675 2039 Baptiste
1687 1996 1709 2028 ⁴¹.
1756 1996 1971 2037 Desponsata
1998 2000 2048 2026 est
2071 1993 2134 2025 do-

280 2055 372 2086 mina
394 2053 535 2086 Beati-ix
547 2052 571 2091 ⁵,
603 2063 700 2084 soror
731 2053 948 2084 dominorum
979 2051 1217 2082 marchionum
1253 2048 1395 2092 Aeonis,
1431 2047 1687 2080 Aldrovandini
1719 2053 1753 2079 et
1784 2046 1962 2079 Francisci
1993 2045 2135 2076 fratrum

280 2104 473 2143 estensium,
498 2115 518 2135 a
542 2103 681 2136 domino
707 2103 851 2135 Galacio
876 2103 920 2134 de
944 2100 1217 2134 Vicecomitibus
1241 2100 1285 2131 de
1309 2099 1509 2131 Mediolano
1538 2099 1574 2130 in
1599 2098 1738 2130 civitate
1765 2097 1917 2133 Mutine;
1950 2102 1983 2128 et
2013 2104 2137 2137 magna

282 2158 374 2189 curia
402 2158 493 2189 facta
524 2163 574 2188 est
604 2156 652 2188 ibi
685 2166 788 2198 super
819 2162 953 2198 pratum
984 2154 1188 2186 Lentixonis
1201 2152 1223 2185 ⁶.
1270 2153 1372 2184 Tunc
1405 2151 1564 2184 dominus
1588 2150 1685 2193 Acco
1709 2150 1861 2182 marchio
1885 2149 1954 2181 suis
1978 2147 2134 2179 manibus

370 2257 394 2281 7.
402 2248 531 2280 protulit]
544 2248 649 2273 obtulit
661 2247 736 2272 MUR.
750 2261 781 2264 —
790 2253 830 2278 17.
841 2244 1053 2277 clamant[ibus]
1062 2246 1085 2269 A
1098 2247 1136 2273 Β,·
1147 2246 1271 2270 clamans
1282 2244 1359 2269 MUR.
1370 2258 1401 2262 ——
1410 2250 1452 2268 21.
1464 2243 1558 2267 naviA
1566 2256 1598 2259 -—
1609 2249 1650 2274 24.
1661 2243 1723 2273 dopo
1735 2241 1909 2274 recuperavit
1917 2240 1993 2264 Mun.
2003 2246 2062 2271 agg.
2073 2238 2132 2262 fere

281 2306 312 2309 —
329 2299 369 2324 29.
384 2292 422 2316 ibi
441 2299 488 2315 om.
510 2291 589 2316 MUR.
610 2304 642 2307 —
662 2297 704 2322 34.
719 2291 781 2320 dopo
793 2289 909 2314 Galacio
924 2296 961 2311 un
974 2295 1050 2319 regno
1064 2289 1094 2311 dz·
1106 2287 1232 2310 richiamo
1246 2287 1275 2309 z'n
1289 2288 1312 2310 Α
1325 2287 1358 2309 ed
1369 2288 1398 2309 in
1412 2287 1532 2317 margine
1552 2286 1582 2307 di
1594 2292 1669 2307 mano
1684 2283 1726 2307 del
1737 2286 1819 2315 tempo
1838 2282 1898 2306 filio
1916 2281 2026 2306 domini
2040 2280 2132 2304 Maffei

373 2352 382 2369 ¹
401 2354 422 2377 Il
442 2355 541 2377 nostro
561 2353 686 2376 cronista
705 2351 841 2376 coordina
863 2351 872 2374 i
893 2351 1033 2383 negoziati
1059 2349 1104 2373 fra
1130 2350 1184 2373 Ta-

285 2396 352 2427 gino
372 2395 406 2420 ed
425 2396 538 2419 Azzone
558 2395 623 2418 VIII
646 2394 746 2418 d‘Este
772 2393 848 2425 cogli
867 2393 1050 2425 svolgImenti
1076 2391 1182 2415 interni

285 2437 312 2461 di
333 2438 469 2461 Mantova
488 2437 632 2461 laseiando
657 2436 768 2461 credere
793 2436 843 2459 che
870 2435 982 2466 Tagino
1001 2433 1108 2458 facesse
1132 2440 1184 2463 per

286 2482 370 2504 conto
390 2488 440 2504 suo
460 2480 493 2504 ed
513 2480 544 2503 in
563 2479 627 2503 odio
647 2479 690 2503 del
711 2478 824 2503 fratello
844 2476 1019 2505 Bmdellone,
1046 2476 1154 2499 mentre
1173 2475 1183 2498 i

286 2522 447 2546 documenti
466 2529 593 2554 provano
612 2522 662 2545 che
675 2520 786 2552 Tagino
800 2518 874 2543 ando
889 2526 904 2542 a
919 2518 1038 2542 Ferrara
1052 2525 1100 2550 per
1113 2518 1183 2541 trat-

286 2566 344 2588 tare
369 2571 423 2588 con
449 2565 561 2588 Azzone
587 2563 687 2596 d’Este
713 2561 860 2586 d'accordo
885 2560 929 2584 col
956 2560 1066 2583 fratello
1093 2566 1107 2583 e
1134 2566 1184 2591 per

287 2606 419 2630 mandato
439 2607 525 2630 avuto
545 2605 591 2629 dal
611 2604 762 2636 Consiglio
781 2604 963 2627 mantovano.
983 2601 1028 2625 Cf.
1046 2600 1183 2629 CIPOLLA,

288 2646 485 2677 Reltzzz'om'frcz
504 2648 626 2670 filantem
647 2656 658 2669 e
685 2646 796 2672 Ivrona,
816 2652 864 2677 pp.
885 2643 1011 2676 281-328.

375 2688 385 2704 ⁴3
406 2689 500 2714 Guido
521 2689 563 2713 de'
584 2688 752 2713 Bonaccolsi
772 2687 850 2710 detto
871 2685 1034 2717 BottigeUa.
1126 2714 1130 2719 A

375 2731 385 2745 ²³
405 2732 576 2756 Bardellone
599 2730 641 2754 de’
665 2730 837 2759 Bonaecolfi,
864 2729 978 2753 rimasto
999 2727 1182 2760 prigioniero,

286 2782 339 2798 con
358 2775 418 2798 atto
438 2774 566 2805 pubblico
587 2772 629 2796 del
649 2773 751 2804 giorno
773 2778 786 2795 2
803 2771 830 2794 di
844 2771 932 2802 luglio
954 2776 1021 2801 1299
1040 2768 1182 2800 (D‘Anco,

287 2816 375 2839 Storz'a
395 2817 424 2838 di
441 2816 575 2842 illamam,
595 2814 616 2843 Ι,
636 2822 662 2846 p.
686 2814 744 2844 183,
764 2813 825 2837 doc.
846 2820 879 2844 34
898 2819 912 2836 e
925 2812 956 2836 C.
978 2811 1118 2840 CIPOLLAQ,
1133 2811 1183 2833 Re-

288 2858 384 2881 lasz‘one
395 2856 448 2886 fra
473 2857 570 2880 Verona
590 2864 601 2879 e
622 2857 757 2883 iilantova,
778 2855 838 2879 doc.
859 2853 904 2886 65)
923 2854 1030 2878 cedeste
1051 2853 1071 2876 il
1098 2853 1184 2884 Capi-

288 2901 386 2923 tanato
407 2899 436 2923 di
455 2899 590 2922 Mantova
611 2898 635 2922 al
654 2899 752 2929 nipote
772 2896 873 2921 Guido.
911 2895 934 2919 11
955 2895 1096 2920 Muratori
1117 2895 1183 2925 (An-

289 2941 355 2968 nali,
378 2938 455 2973 1299)
474 2940 509 2964 ed
528 2940 549 2964 il
575 2939 657 2964 Verci
677 2938 777 2970 (Storia
802 2938 870 2961 della
890 2938 983 2960 ΛΙιιη-(ι
1013 2937 1037 2959 T
1035 2938 1182 2966 rz'w'giana,

1238 2349 1271 2379 11,
1293 2348 1354 2379 216)
1374 2354 1534 2372 accennano
1550 2355 1566 2371 a
1580 2347 1704 2370 violenze
1719 2344 1810 2370 subite
1825 2347 1857 2369 da
1873 2343 2047 2373 Bardellone,
2059 2349 2136 2366 men-

1238 2392 1279 2414 tre
1299 2391 1337 2422 gli
1356 2390 1458 2414 storici
1483 2389 1649 2414 mantovani
1675 2387 1788 2412 Torello
1815 2386 1950 2418 (Riserclze
1973 2384 2082 2408 sterit-lte
2108 2384 2138 2406 df

1237 2433 1373 2460 filantem,
1393 2432 1428 2462 11,
1448 2440 1476 2463 p.
1493 2438 1551 2463 131,
1566 2431 1713 2460 Mantum,
1731 2429 1817 2461 1397),
1831 2429 1864 2452 L.
1879 2428 1911 2452 C.
1926 2428 2011 2451 Volta
2024 2426 2134 2458 (storia,

1237 2475 1258 2504 1,
1279 2473 1341 2505 314)
1361 2481 1375 2498 e
1394 2472 1507 2498 D’Arco
1531 2471 1580 2502 (op.
1601 2473 1657 2498 cit„
1677 2471 1697 2500 Ι,
1720 2470 1780 2502 131)
1801 2470 1936 2501 prestano
1955 2467 2019 2492 fede
2038 2467 2064 2491 al
2086 2467 2136 2490 do-

1237 2517 1371 2540 cumento
1391 2515 1506 2538 ufficiale
1526 2514 1576 2538 che
1596 2513 1673 2545 parla
1693 2511 1721 2535 di
1740 2512 1868 2535 cessione
1887 2509 1957 2534 §atta
1975 2509 2004 2533 di
2020 2510 2101 2540 piena
2119 2515 2134 2532 e

1236 2560 1376 2588 spontanea
1402 2553 1528 2585 volonffi,
1557 2561 1602 2578 ma
1627 2560 1739 2578 ossen-a
1764 2553 1952 2584 giustamente
1970 2551 1992 2575 il
2019 2550 2134 2582 Cipolla

1239 2599 1287 2630 (op.
1308 2600 1410 2626 suerit„
1429 2605 1457 2629 p.
1478 2598 1541 2629 330)
1559 2597 1610 2620 che
1629 2597 1649 2620 il
1667 2595 1798 2620 suddetto
1825 2594 1994 2618 documento
2019 2591 2135 2616 ufficiale

1237 2649 1294 2665 non
1314 2641 1370 2673 pub
1391 2642 1521 2664 meritare
1540 2639 1610 2663 altra
1629 2638 1693 2662 fede
1720 2638 1770 2661 che
1789 2637 1876 2669 quella
1895 2636 2001 2660 dovuta
2026 2635 2061 2659 ad
2081 2635 2134 2658 atti

1238 2683 1267 2706 di
1287 2683 1362 2706 simil
1380 2683 1490 2706 natura.
1528 2682 1582 2705 Per
1600 2681 1626 2704 la
1644 2679 1775 2710 famiglia
1797 2678 1945 2702 Bonacolsi
1965 2676 2003 2701 cf.
2023 2676 2050 2700 S.
2076 2677 2134 2700 DA-

1238 2730 1317 2753 VARI,
1335 2724 1387 2746 Per
1405 2723 1432 2746 la
1448 2723 1606 2753 Genealogia
1625 2722 1667 2744 dei
1685 2719 1832 2746 Bonacolsf,
1845 2720 1873 2742 in
1886 2719 1965 2743 Arch.
1979 2718 2047 2742 Stor.
2060 2717 2134 2740 Lom-

1238 2767 1328 2793 baero,
1347 2767 1419 2789 serie
1439 2765 1486 2795 Ill,
1505 2765 1558 2788 vol.
1579 2762 1651 2792 XVI,
1672 2770 1699 2793 p.
1721 2767 1763 2792 25.

1327 2806 1338 2821 ⁴¹
1359 2813 1391 2838 24
1410 2809 1515 2838 giugno
1537 2812 1613 2836 1300.

1326 2848 1337 2864 ⁵
1358 2850 1473 2874 Vedova
1493 2848 1522 2872 di
1542 2848 1618 2871 Nino
1638 2847 1769 2870 Visconti
1788 2845 1901 2877 giudice
1921 2845 1949 2868 di
1970 2844 2094 2869 Gallum.

1326 2890 1337 2905 ⁶
1352 2892 1437 2915 Prato
1452 2889 1513 2914 dell'
1522 2890 1661 2914 Entesone
1675 2888 1720 2912 nel
1733 2888 1820 2919 borgo
1834 2887 1863 2910 di
1875 2887 2047 2918 Baggiovara
2059 2892 2134 2916 pres-

1238 2941 1269 2958 so
1289 2933 1416 2958 Modena.

2165 775 2203 805 10

2164 1039 2200 1070 15

2160 1304 2202 1334 20

2157 1569 2198 1600 25

2163 2431 2197 2448 20

2161 2848 2195 2873 30
