2297 3476
117 1783 192 1805 Mun..
209 1783 249 1802 3175

173 2363 192 2376 c.
210 2355 258 2375 ὑόν

327 165 374 204 72
960 167 1273 203 CHRONICON
1303 166 1533 202 ESTENSE
1862 174 1945 207 [AA.
1968 175 2162 206 1308-1309]

320 307 406 339 gnus
430 296 586 327 dominus
609 295 765 327 dominus
781 305 872 336 papa
888 295 1057 331 Clemens,
1074 295 1142 326 hoc
1167 295 1327 333 sentiens,
1344 295 1450 326 voluit
1474 296 1659 336 permutari
1676 296 1942 328 dominationem
1960 297 2040 329 eius.
2064 298 2163 329 Tunc

320 349 415 380 mixit
432 349 463 378 in
491 347 565 378 istis
588 346 742 388 partibus
761 348 944 389 quemdam
969 358 1064 378 suum
1087 346 1262 389 Ligatum,
1287 347 1343 388 qui
1369 347 1556 378 vocabatur
1580 347 1739 379 dominus
1761 347 1968 386 Arnusius¹3
1994 356 2028 381 et
2051 350 2162 391 primo

323 401 481 443 pervenit
504 400 695 437 Ravenam,
719 399 776 430 ubi
801 399 1039 431 dominabatur
1055 400 1215 431 dominus
1231 399 1434 431 Lambertus
1451 400 1494 430 de
1518 399 1683 437 Polenta:
1709 406 1742 431 et
1767 400 1813 431 ibi
1837 402 1985 434 adcessit
2009 401 2164 434 dominus

319 453 525 486 Franciscus
548 452 699 482 marchio
717 452 869 489 estensis,
895 462 1012 483 omnes
1029 451 1167 483 insimul
1184 453 1229 483 ad
1245 452 1511 493 parlamentum3
1529 452 1589 484 ubi
1607 453 1886 485 deliberaverunt
1902 454 1951 485 ire
1973 455 2164 486 Ferrariam

320 517 397 538 cum
421 505 513 537 omni
539 515 657 536 eorum
681 514 782 546 posse
815 510 849 535 et
879 504 1007 536 auxilio
1035 503 1281 536 Paduanorum
1313 510 1347 536 et
1378 505 1627 537 Ferariensium
1660 506 1937 538 extrinsecorum.
1982 507 2081 539 Tunc
2106 508 2167 539 do—

320 559 429 590 minus
453 556 656 589 Lambertus
674 557 717 588 de
731 556 876 588 Polenta
894 567 970 588 cum
988 567 1114 599 magna
1134 556 1325 598 quantitate
1342 557 1509 590 Ravenne
1527 558 1711 595 hominum,
1728 567 1805 589 cum
1822 559 1888 590 illis
1904 559 1946 590 de
1963 559 1995 591 la
2010 561 2165 592 Fontana

321 613 364 644 de
388 610 540 648 Feraria,
565 620 642 640 cum
668 609 808 641 domino
832 609 960 652 Ligato
985 610 1153 651 predicto,
1178 615 1213 641 et
1237 620 1315 641 cum
1341 611 1434 642 omni
1465 621 1564 652 posse
1590 611 1746 643 ordinate
1771 622 1834 653 per
1857 618 1964 643 teram
1987 618 2021 644 et
2044 623 2165 655 aquam

322 668 551 706 pervenerunt
573 662 618 693 ad
643 662 818 693 civitatem
842 661 1011 700 Ferrarie,
1036 662 1169 694 scilicet
1186 662 1220 693 in
1237 661 1354 705 Burgo
1379 663 1547 701 inferiori,
1565 670 1598 694 et
1614 663 1660 695 ibi
1685 670 1851 695 steterunt
1867 675 1930 706 per
1945 665 2060 706 plures
2083 666 2166 704 dies,

321 722 354 748 et
377 715 425 747 ibi
448 715 554 746 multa
578 719 764 746 tractantes
787 724 864 746 cum
890 714 1024 746 civibus
1048 715 1208 746 Ferrarie
1232 715 1452 747 existentibus
1475 715 1509 747 in
1541 717 1708 748 Ferraria.
1757 717 1978 758 Quapropter
2009 718 2167 749 dominus

320 771 466 802 Frescus
489 768 667 810 predictus
690 768 920 809 perpendens,
945 777 982 800 se
997 778 1067 799 non
1083 778 1185 810 posse
1203 769 1473 801 dominationem
1498 769 1589 801 dicte
1613 769 1765 801 civitatis
1782 770 1938 802 obtinere
1964 777 2084 802 contra
2107 782 2168 812 pa-

322 828 431 854 stores
454 821 612 852 Ecclesie
636 826 669 852 et
692 827 850 862 patruum
874 831 970 852 suum
995 821 1171 853 dominum
1188 822 1411 854 Franciscum
1432 822 1667 854 marchionem
1693 828 1870 860 estensem,
1895 823 2042 866 quadam
2066 829 2168 856 nocte

320 874 462 907 recessit
486 875 529 905 de
553 874 704 911 Feraria,
728 883 877 916 pergens
900 874 935 905 in
951 874 1074 906 Castro
1098 873 1248 913 thealdo,
1273 880 1307 906 et
1330 875 1377 906 ibi
1401 875 1551 907 conduci
1575 875 1659 907 fecit
1684 881 1790 907 totum
1806 877 1979 919 navigium
1996 877 2166 915 Ferrarie,

322 928 455 960 scilicet
478 936 516 958 vr
540 926 667 969 galeas,
692 937 794 958 unam
817 927 998 958 maximam
1029 927 1145 958 navim
1170 927 1379 959 castellatam
1406 938 1482 959 cum
1506 928 1612 959 tribus
1636 928 1836 960 buttifredis
1861 935 1894 960 et
1925 929 2059 961 duobus
2082 939 2168 971 pon-

323 980 414 1012 tibus
438 985 471 1011 et
494 990 562 1011 uno
586 979 678 1021 lupo,
703 985 737 1011 et
752 979 867 1021 plures
891 979 976 1011 alias
1011 989 1124 1019 naves,
1148 981 1322 1023 galiones;
1348 987 1381 1012 et
1406 991 1482 1012 cum
1508 991 1549 1012 eo
1583 987 1680 1012 erant
1712 981 1871 1013 dominus
1899 982 2099 1025 Raynaldus
2123 983 2166 1014 de

323 1032 506 1071 Marcaria,
531 1032 688 1064 dominus
713 1031 888 1064 Galvanus
912 1032 956 1063 de
981 1032 1134 1064 Gaffaris
1158 1034 1201 1065 de
1218 1033 1372 1072 Mantua,
1397 1039 1431 1065 et
1446 1034 1563 1075 plures
1579 1034 1648 1073 alii,
1666 1040 1700 1065 et
1716 1034 1885 1066 Veneteci
1908 1034 2084 1073 balisterii,
2109 1035 2167 1077 qui

322 1091 486 1118 venerant
508 1085 544 1116 in
568 1085 639 1116 eius
663 1084 801 1123 auxilio,
825 1091 859 1116 et
883 1091 1094 1127 acceperunt
1119 1084 1275 1118 Castrum
1300 1087 1452 1118 tealdum
1478 1093 1511 1118 et
1534 1094 1676 1128 pontem
1708 1094 1741 1119 et
1772 1087 1889 1119 turrim
1921 1087 2008 1119 ultra
2035 1088 2166 1120 Padurn

322 1145 356 1171 et
379 1139 531 1180 Burgum
556 1138 778 1180 superiorem,
803 1138 863 1180 qui
888 1148 1007 1170 omnes
1030 1145 1152 1180 postea
1175 1150 1316 1182 gueram
1339 1139 1520 1171 maximam
1546 1140 1800 1172 substinuerunt
1824 1147 1945 1172 contra
1972 1140 2169 1173 Ferrarien-

320 1202 382 1223 ses.
428 1192 531 1223 Tunc
556 1191 713 1222 dominus
736 1190 912 1222 Arnuxius
936 1192 1068 1234 legatus
1091 1202 1155 1234 pro
1172 1191 1312 1224 domino
1329 1192 1435 1234 Papa,
1452 1191 1611 1224 dominus
1627 1193 1830 1225 Franciscus
1847 1193 1999 1225 marchio
2016 1194 2169 1232 estensis,

323 1245 482 1276 dominus
505 1243 709 1275 Lambertus
733 1244 778 1276 de
801 1243 947 1276 Polenta
971 1250 1005 1276 et
1029 1244 1086 1276 alii
1111 1255 1188 1276 cum
1213 1251 1288 1277 toto
1311 1245 1441 1287 populo
1465 1246 1621 1277 Ferrarie
1650 1246 1814 1278 intrantes
1839 1246 2023 1284 civitatem,
2049 1247 2169 1278 altissi-

322 1298 386 1329 mis
403 1297 545 1329 vocibus
562 1297 771 1334 clamantes3
803 1297 901 1329 Vivat
923 1297 1083 1329 stlarclzio
1100 1299 1244 1330 estensis.
1280 1298 1441 1330 Marchio
1457 1304 1570 1330 autem
1588 1299 1728 1331 timidus
1745 1299 1885 1331 dicebat
1902 1299 1966 1331 eis:
1995 1299 2170 1342 Ofralrcs

323 1350 500 1392 carissimi,
524 1351 625 1381 nolite
648 1350 793 1392 amplius
816 1350 863 1381 sic
886 1351 1016 1392 dt'ccre;
1033 1362 1146 1393 ymmo
1169 1352 1265 1382 vivat
1279 1356 1396 1384 sancta
1419 1352 1576 1384 Ecclesia
1592 1363 1741 1384 romana.
1777 1353 1822 1384 Et
1846 1359 1966 1384 contra
1990 1354 2170 1394 volunpta-

322 1410 389 1436 tem
413 1403 532 1445 populi
557 1403 607 1434 sui
632 1409 666 1435 et
690 1403 842 1435 omnium
865 1413 1003 1435 suorum
1028 1405 1215 1436 amicorum
1239 1404 1396 1437 dominus
1424 1405 1578 1437 marchio
1602 1405 1807 1437 Franciscus
1838 1406 1983 1438 tradidit
2015 1406 2170 1438 domina-

322 1457 452 1489 tionem
478 1457 569 1488 dicte
594 1455 742 1488 civitatis
765 1456 904 1488 domino
928 1456 1083 1489 Amuxio
1119 1457 1225 1501 ligato
1261 1458 1436 1499 predict03
1462 1464 1496 1489 et
1528 1458 1648 1499 poxuit
1678 1464 1712 1490 et
1741 1458 1838 1490 mixit
1868 1469 1946 1490 eum
1976 1459 2012 1490 in
2039 1458 2169 1501 palatio

323 1520 382 1541 suo
408 1509 556 1552 antiquo,
581 1509 615 1540 in
639 1509 728 1540 mala
752 1509 837 1541 hora
862 1510 1017 1548 credens,
1043 1511 1136 1553 quod
1161 1511 1318 1542 dominus
1334 1510 1486 1554 Legatus
1511 1511 1541 1542 ei
1565 1511 1762 1543 restitueret
1778 1511 1964 1551 civitatem,
1980 1512 2068 1544 sicut
2090 1522 2170 1554 pro-

323 1562 478 1594 mixerat.
518 1561 578 1594 Set
602 1571 671 1593 non
696 1562 914 1601 admiremur,
940 1563 1100 1605 quoniam
1126 1573 1243 1595 omnes
1274 1563 1503 1595 ecclesiastici
1528 1570 1784 1596 consueverunt
1807 1575 1942 1606 semper
1966 1564 2016 1596 sic
2039 1564 2169 1603 facere,

323 1621 360 1646 ut
383 1614 516 1646 faciunt
540 1614 611 1656 lupi
635 1624 795 1656 rapaces:
819 1615 865 1646 ita
890 1616 984 1658 quod
1000 1615 1159 1648 dominus
1174 1615 1324 1658 Legatus
1340 1615 1459 1647 habuit
1476 1616 1746 1648 dominationem
1771 1617 1864 1649 dicte
1888 1617 2036 1649 civitatis
2060 1622 2095 1649 et
2117 1617 2170 1648 di-

325 1669 479 1705 strictus3
504 1673 539 1700 et
563 1667 718 1699 marchio
743 1667 949 1700 Franciscus
971 1668 1087 1700 nichil.
1134 1669 1235 1700 Tunc
1257 1669 1401 1711 incepta
1418 1675 1470 1701 est
1493 1679 1617 1711 guerra
1640 1670 1728 1701 inter
1747 1670 1921 1702 dominum
1944 1670 2107 1702 Frescum
2136 1675 2171 1702 et

323 1721 549 1759 Feran‘enses,
575 1720 656 1763 quia
680 1720 840 1752 dominus
863 1721 1009 1754 Frescus
1032 1722 1100 1754 iam
1124 1722 1316 1754 tradiderat
1340 1721 1443 1754 duci²
1468 1722 1693 1754 Venetiarum
1717 1722 1873 1755 Castrum
1897 1723 2004 1755 tealdi
2031 1728 2066 1754 et
2090 1723 2172 1754 alias

325 1771 520 1809 fortilicias‚
545 1781 630 1813 quas
653 1771 729 1812 ipse
753 1771 924 1808 tenebatg'
949 1773 1041 1803 unde
1066 1773 1225 1804 dominus
1250 1773 1319 1804 dux
1342 1778 1376 1804 et
1399 1783 1544 1804 comune
1560 1773 1785 1804 Venetiamm
1809 1773 1856 1804 ibi
1880 1773 2042 1805 miserunt
2057 1773 2172 1816 galeas

330 1832 364 1857 et
387 1825 470 1856 alias
493 1835 598 1855 naves
623 1824 816 1856 castellatas
840 1824 883 1856 ad
909 1825 1169 1857 defendendum
1193 1825 1325 1857 dictum
1348 1831 1514 1863 castrum3
1540 1832 1575 1857 et
1597 1826 1648 1857 sic
1671 1836 1795 1869 guerra
1826 1826 1979 1858 mortalis
2010 1832 2061 1858 est
2083 1826 2173 1858 inter

326 1884 488 1920 utrasque
512 1883 644 1919 partes;
669 1882 705 1908 et
728 1887 856 1915 omnes,
882 1878 940 1920 qui
959 1878 1051 1919 capti
1075 1884 1171 1910 erant
1195 1889 1214 1910 a
1238 1878 1392 1921 qualibet
1416 1884 1525 1920 parte,
1556 1879 1629 1910 sine
1660 1879 1809 1911 induciis
1832 1879 2016 1918 interfecti,
2040 1885 2075 1911 et
2097 1879 2174 1911 aliis

325 1931 488 1973 supliciis.
536 1930 653 1968 Quare
677 1930 898 1962 Ferarienses
921 1941 992 1962 non
1007 1937 1194 1973 potuerunt
1210 1931 1386 1968 resistere3
1404 1937 1438 1963 et
1455 1931 1653 1970 concordia,
1670 1941 1729 1963 seu
1745 1937 1891 1974 treugua
1908 1932 2002 1964 facta
2020 1937 2070 1963 est
2085 1931 2176 1964 inter

324 1990 439 2026 partes
449 1997 457 2021 ς
482 1990 515 2015 et
539 1983 714 2025 opportuit
738 1983 1013 2015 Ferrariensibus
1030 1985 1185 2026 recipere
1202 1990 1405 2026 potestatem
1425 1985 1468 2016 de
1485 1984 1643 2016 venetiis
1656 1983 1679 2016 ³.
1725 1985 1785 2016 Set
1802 1985 1828 2016 si
1846 1984 1969 2028 aliquis
1985 1985 2175 2016 Veneticus

325 2043 481 2079 repertus
506 2042 579 2068 erat
610 2046 673 2078 per
701 2035 876 2068 civitatem
901 2037 1057 2069 Ferrarie
1080 2043 1159 2079 post
1181 2047 1353 2079 vesperas,
1378 2037 1606 2069 incontinenti
1635 2048 1654 2068 a
1678 2036 1937 2069 Ferariensibus
1962 2037 2176 2069 interfect-us.

326 2089 387 2122 Set
410 2095 595 2131 antequam
619 2089 807 2121 concordia
823 2089 920 2121 fieret
944 2089 1030 2121 inter
1052 2096 1178 2132 partes,
1196 2100 1313 2122 omnes
1330 2090 1513 2122 extrinseci
1530 2090 1779 2128 Fenarienses,
1797 2090 1928 2122 scilicet
1945 2090 2173 2133 Salinguerra,

326 2143 546 2181 huibertus,
563 2142 785 2179 Fontaneses‚
802 2142 933 2181 Turcli,
951 2142 1082 2186 Pagani
1101 2149 1135 2174 et
1151 2143 1211 2174 alii
1234 2144 1412 2175 redierunt
1435 2143 1470 2174 in
1495 2153 1612 2175 eorum
1637 2143 1794 2175 domibus
1819 2143 1851 2174 in
1875 2144 2036 2175 Ferraria
2066 2150 2099 2175 et
2121 2154 2175 2175 re-

325 2194 497 2226 duxerunt
513 2195 688 2226 civitatem
713 2193 756 2225 ad
787 2194 969 2236 populum;
995 2202 1030 2226 et
1053 2195 1145 2227 inter
1169 2206 1227 2227 eos
1250 2195 1471 2227 continebant
1494 2196 1685 2232 sotietates3
1711 2201 1745 2226 et
1768 2206 1835 2237 pax
1859 2195 2115 2233 Veneticorum‚
2140 2201 2174 2228 et

327 2248 596 2279 Ferrariensium
621 2247 716 2279 facta
740 2248 805 2279 fuit
829 2248 872 2280 de
890 2258 1004 2280 mense
1029 2248 1224 2280 decembris
1242 2258 1318 2279 cum
1335 2248 1448 2279 multis
1471 2248 1593 2289 pactis,
1618 2259 1684 2290 que
1709 2248 1796 2280 male
1821 2248 2002 2280 observata
2024 2248 2172 2280 fuerunt.

1126 2345 1378 2389 MCCCVIIIJ.

413 2425 479 2457 Die
505 2436 528 2457 x
552 2426 678 2457 mensis
701 2425 828 2468 aprilis.
853 2425 953 2467 Capti
977 2426 1119 2457 fuerunt
1143 2422 1250 2468 aliqui
1283 2426 1494 2467 stipendiarii
1529 2426 1673 2468 pediteS‚
1705 2426 1763 2469 qui
1788 2425 1883 2459 ibant
1913 2426 2107 2458 Trivixium
2130 2427 2174 2458 ad

328 2478 504 2509 dominum
528 2478 716 2521 Ricardum
739 2479 784 2510 de
808 2478 970 2515 Camin03
996 2484 1031 2510 et
1055 2478 1208 2521 quinque
1233 2489 1276 2510 ex
1300 2478 1348 2510 eis
1371 2478 1416 2510 ad
1449 2479 1634 2510 clamorem
1658 2479 1774 2520 populi
1806 2490 1909 2521 super
1939 2479 2087 2520 plateam
2115 2489 2174 2511 co-

329 2530 438 2561 munis
462 2530 620 2563 Ferrarie
643 2530 821 2562 interfecti
845 2536 937 2567 sunt3
963 2536 996 2562 et
1020 2530 1084 2562 ista
1107 2531 1162 2563 vel
1199 2531 1265 2563 alia
1289 2541 1404 2570 causa,
1427 2537 1588 2573 potestas,
1620 2531 1677 2573 qui
1701 2541 1763 2573 pro
1789 2531 1926 2563 comuni
1949 2531 2172 2564 Venetiarum

419 2675 442 2693 1.
462 2668 593 2693 dominus
613 2669 756 2701 dommus]
776 2670 908 2694 dominus
926 2669 951 2692 B
970 2668 1048 2693 Mun.
1068 2681 1080 2687 -
1099 2669 1237 2700 sentiens]
1259 2671 1351 2694 sciens
1371 2670 1396 2693 B
1414 2670 1492 2695 Mun.
1507 2684 1540 2687 —
1560 2669 1651 2701 25-26.
1670 2670 1719 2693 ncl-
1730 2672 1849 2701 margine
1868 2671 1974 2694 sinistro
1992 2671 2023 2693 di
2039 2678 2114 2694 mano
2133 2670 2176 2693 del

328 2709 405 2732 secolo
425 2710 495 2732 XV:
515 2711 582 2734 licet
602 2712 751 2742 incompte,
772 2711 843 2736 haud
856 2710 926 2735 falso
940 2712 1036 2735 tamen
1050 2711 1188 2742 loqueris;
1209 2719 1221 2733 e
1235 2711 1334 2734 d’altra
1348 2719 1423 2735 mano
1442 2712 1485 2734 del
1495 2713 1573 2735 secolo
1591 2712 1680 2735 XVII
1693 2713 1721 2735 iu
1742 2713 1834 2735 marim
1848 2720 1933 2735 rossa:
1949 2712 2041 2742 multi,
2055 2712 2102 2736 sed
2115 2720 2171 2735 non

328 2758 426 2775 omnes
446 2765 478 2768 —
498 2758 541 2782 30.
562 2753 623 2782 dopo
643 2754 684 2775 est
704 2754 783 2778 Mun.
801 2760 860 2784 agg.
882 2753 1010 2785 incoepta
1032 2765 1063 2769 —
1084 2759 1128 2784 32.
1148 2752 1244 2776 affecti
1266 2761 1326 2784 agg.
1348 2754 1423 2777 Mun.
1451 2754 1514 2784 dopo
1538 2755 1680 2786 supliciis3
1698 2762 1746 2777 om.
1765 2754 1788 2777 A
1810 2767 1842 2771 ——
1862 2759 1905 2784 35.
1932 2755 1991 2778 erat
2015 2761 2075 2785 agg.
2094 2755 2173 2778 Mun.

331 2793 394 2823 dopo
414 2793 581 2818 interfectus

420 2870 428 2886 ¹
449 2871 597 2896 Cardinale
617 2872 744 2897 Arualdo
766 2873 911 2904 Pelagrua.
1369 2872 1380 2889 3
1398 2874 1512 2899 Niccolo
1539 2874 1660 2903 Querini
1686 2875 1721 2900 da
1747 2875 1878 2900 Venezia.
1916 2875 2025 2905 szzr‚
2053 2878 2092 2906 op.
2120 2876 2174 2904 cit„

418 2913 429 2930 ²
450 2916 545 2940 Pietro
566 2916 738 2947 Gradenigo.
1281 2917 1328 2948 ΙΙΙ,
1349 2922 1407 2950 247.

2196 771 2232 801 10

2196 1034 2232 1065 15

2192 1301 2234 1330 20

2194 1563 2234 1595 25

2197 1827 2238 1857 30

2199 2090 2237 2122 35

2198 2348 2239 2378 40
