2307 3592
136 208 218 243 [AA.
240 209 434 242 1312-1313]
763 203 1074 239 CHRONICON
1104 203 1332 239 ESTENSE
1923 206 1965 240 81

129 332 270 365 recessit
293 333 337 364 de
361 332 497 364 civitate
522 332 634 364 Rome
660 338 693 364 et
718 332 778 364 ivit
801 333 1010 365 Florentiam
1033 343 1053 363 a
1078 333 1184 364 latere
1200 332 1356 374 planitiei
1380 333 1499 365 Sancti
1517 332 1610 364 Salvi
1626 335 1646 371 ¹,
1664 340 1699 366 et
1722 334 1857 366 obsedit
1881 335 1966 366 civi-

129 391 244 423 tatem,
267 384 326 416 ubi
349 385 472 416 mansit
495 395 559 426 per
575 395 603 416 11
620 396 764 424 menses,
790 391 823 417 et
840 386 905 417 fuit
922 386 966 417 de
983 396 1097 417 mense
1115 385 1334 427 septembris:
1359 392 1479 427 postea
1503 385 1643 418 recessit
1668 392 1701 418 et
1724 387 1785 418 ivit
1802 386 1965 419 Sanctum

131 434 319 467 Caxianum
332 434 354 473 ²,
379 441 412 467 et
436 435 483 467 ibi
508 436 597 466 stetit
621 446 682 477 per
705 435 791 467 alios
816 437 902 467 duos
925 446 1069 467 menses.
1117 435 1310 468 Combursit
1342 436 1455 467 omnia
1487 437 1759 474 circumcircum‚
1784 443 1835 469 set
1858 437 1963 469 nichil

128 485 222 517 aliud
245 485 342 524 fecit,
366 486 529 528 quoniam
554 486 676 518 civitas
702 486 875 518 Florentie
900 492 934 517 et
957 486 1024 517 alia
1049 492 1159 517 castra
1184 487 1312 517 munita
1337 492 1434 518 erant
1457 493 1522 518 etc.
1557 486 1674 524 Quare
1698 488 1890 529 Imperator
1912 499 1966 519 re-

86 535 103 568 5
128 536 228 567 cessit
252 536 295 567 de
319 536 410 568 dicto
437 536 524 575 loco,
542 542 575 568 et
590 536 650 567 ivit
667 536 931 579 Podiumbonici
944 536 954 551 ³
972 537 1005 567 in
1024 536 1181 568 districtu
1199 537 1330 573 eodem,
1348 542 1382 568 et
1397 537 1445 568 ibi
1470 537 1641 569 ordinavit
1660 543 1693 569 et
1710 538 1855 570 firmavit
1872 548 1963 570 cam-

127 600 208 631 pum
231 600 328 621 suum
353 595 387 620 et
410 589 563 631 gentium
589 589 671 628 eius,
696 600 737 621 ac
762 590 912 621 omnium
935 590 1079 621 aliorum
1103 589 1324 621 inimicorum
1347 590 1375 621 F
1379 589 1534 622 lorentie.

213 640 348 671 Eodem
372 639 561 671 millesimo.
607 639 774 671 Dominus
791 639 945 671 marchio
963 640 1168 672 Franciscus
1192 641 1334 672 estensis
1359 650 1435 671 curn
1452 641 1547 672 multi
1565 642 1593 673 F
1595 641 1823 673 erariensibus
1848 648 1882 673 et
1901 642 1967 673 Pa-

125 692 245 724 duanis
269 692 405 724 iverunt
428 692 463 723 in
489 692 711 724 obsedionem
736 693 780 724 ad
798 691 1048 729 Quartexolum
1061 692 1074 710 4
1090 692 1126 723 in
1143 693 1299 725 districtu
1324 693 1480 725 Vicentie
1499 700 1619 726 contra
1644 694 1819 726 dominum
1836 694 1966 726 Canem

127 745 170 776 de
195 745 226 776 la
252 745 365 777 Scala.
389 744 546 776 Paduani
572 755 654 776 vero
680 756 757 776 cum
774 745 930 777 exercitu
947 755 1008 777 suo
1025 751 1218 787 poxuerunt
1235 756 1271 777 se
1289 745 1425 788 longius
1451 756 1553 778 causa
1577 747 1759 788 aperiendi
1783 747 1965 790 quamdam

65 797 102 828 10
126 801 251 827 rostam
274 791 421 837 positam
445 795 480 826 in
504 795 644 826 flumine
668 795 891 833 Bachilionis,
916 803 953 826 ut
977 801 1076 836 rupta
1101 796 1197 827 fieret
1220 796 1379 834 fluminis,
1406 802 1438 828 et
1461 796 1526 828 iret
1548 807 1654 839 usque
1685 797 1851 830 Paduam.
1897 798 1928 829 T
1931 809 1967 829 a—

125 858 202 880 men
226 848 384 880 dominus
407 847 512 880 Canis
536 847 686 879 sentiens
710 848 788 886 hoc,
813 847 914 879 mixit
937 854 1057 890 gentes
1080 858 1157 879 suas
1181 849 1226 880 ad
1254 849 1379 887 locum,
1404 849 1463 881 ubi
1488 849 1642 882 Paduani
1659 856 1755 881 erant
1773 851 1816 882 ad
1832 851 1965 882 facien-

125 898 204 930 dum
228 898 388 936 laborari,
405 903 442 930 ut
459 908 547 940 aqua
564 898 630 928 iter
644 897 789 929 haberet
806 898 971 935 Paduam,
997 908 1063 940 que
1087 909 1171 941 gens
1196 899 1322 930 domini
1348 898 1452 930 Canis
1476 900 1604 932 occidit
1629 901 1751 932 multos
1773 901 1965 938 Paduanos,

126 949 205 991 quia
228 950 301 980 sine
326 947 482 980 custodia
506 948 554 980 ibi
579 954 692 985 erant3
719 955 751 980 et
775 949 872 980 multi
897 959 932 980 se
950 950 1148 990 proicerunt
1173 950 1207 980 in
1230 951 1355 981 flumen
1371 950 1521 982 Thexini
1539 956 1573 982 et
1589 951 1864 983 subfocaverunt.
1901 951 1968 983 Po-

125 1007 225 1033 testas
248 1001 390 1033 Mantue
403 1000 424 1038 ⁵,
450 1001 509 1042 qui
533 1001 581 1033 ibi
606 1007 679 1032 erat
701 1012 764 1042 pro
790 1001 928 1033 domino
945 1001 1051 1039 Cane,
1070 1008 1198 1034 etcum
1216 1002 1369 1045 Panceta
1386 1003 1429 1035 de
1453 1003 1651 1035 Rovollono
1676 1004 1817 1046 bapnito
1834 1004 1964 1042 Padue,

65 1051 100 1083 15
127 1058 160 1084 et
184 1052 261 1083 aliis
285 1052 444 1093 bapnitis,
469 1052 698 1093 sequebantur
722 1052 808 1083 alios
831 1052 1034 1089 Paduanos3
1060 1059 1093 1083 et
1117 1063 1178 1093 pro
1211 1053 1330 1084 maiori
1357 1059 1456 1094 parte
1480 1055 1605 1085 mortui
1630 1055 1779 1086 fuerunt.
1805 1054 1866 1086 Set
1888 1065 1969 1096 pro-

122 1103 238 1145 palato
261 1112 351 1134 novo
375 1103 441 1134 isto
465 1102 628 1133 exercitui
652 1112 776 1144 magno
801 1102 1054 1141 Paduanorum,
1079 1102 1305 1134 incontinenti
1330 1103 1365 1134 iu
1390 1103 1540 1135 subsidio
1564 1105 1727 1136 miserunt
1750 1105 1964 1137 Bertramum

124 1155 396 1188 Guillielminum
420 1155 667 1187 comestabilem
693 1162 883 1197 equestrem
909 1156 1137 1193 cathelanum,
1164 1155 1334 1197 Copinum
1368 1157 1410 1188 de
1442 1157 1560 1199 Incola
1583 1158 1688 1188 filium
1721 1158 1849 1190 domini
1880 1158 1965 1190 Ghi-

123 1206 218 1238 rardi
243 1206 286 1238 de
310 1205 443 1249 Uncola
471 1205 514 1237 de
545 1205 679 1243 Parma,
706 1206 765 1248 qui
790 1211 871 1237 tunc
896 1211 969 1237 erat
1002 1211 1152 1247 potestas
1183 1206 1313 1245 Padue,
1346 1213 1379 1238 et
1411 1207 1495 1239 alios
1525 1207 1620 1239 cives
1652 1214 1685 1239 et
1713 1208 1964 1249 stipendiarios,

123 1265 156 1290 et
178 1258 383 1290 invenerunt
406 1258 553 1290 rusticos
577 1259 699 1290 multos
724 1259 909 1290 clamantes
936 1259 1154 1296 adiutorium,
1180 1259 1237 1301 qui
1269 1266 1455 1291 evaxerant
1479 1261 1522 1292 de
1555 1261 1707 1292 manibus
1739 1261 1963 1293 inimicorum.

59 1313 99 1343 20
122 1312 209 1344 Cum
234 1311 346 1343 dictus
370 1310 525 1343 Bertram
551 1311 766 1343 Guillielmus
791 1311 922 1342 audivit
945 1321 1050 1343 voces
1066 1311 1219 1350 istorum,
1243 1321 1442 1353 presumens
1467 1313 1510 1344 de
1534 1313 1692 1351 inimicis,
1718 1319 1838 1345 contra
1861 1314 1964 1346 sotios

122 1372 199 1394 suos
223 1361 329 1393 dixit:
355 1362 445 1393 Ecce
467 1361 600 1392 inimici
613 1362 727 1402 nostri,
746 1362 852 1392 nullus
869 1366 1057 1392 nostrorum
1081 1365 1301 1404 expavescat;
1325 1367 1356 1393 et
1379 1363 1410 1393 si
1430 1363 1503 1405 quis
1527 1364 1630 1403 timet,
1656 1364 1791 1395 recedat
1812 1375 1834 1395 a
1857 1365 1965 1405 nobis,-

121 1419 154 1445 et
175 1414 325 1446 viriliter
347 1415 541 1445 accedamus
564 1415 612 1444 ad
625 1425 685 1445 eos.
734 1415 778 1445 Et
803 1414 899 1446 dedit
922 1414 1054 1456 signum
1079 1421 1113 1446 et
1137 1424 1272 1452 nornen,
1297 1415 1445 1446 Karolus
1469 1416 1581 1454 milex,
1607 1422 1640 1448 et
1664 1416 1801 1448 iverunt
1826 1417 1870 1449 ad
1894 1427 1963 1449 eos,

123 1466 195 1504 Qui
218 1467 348 1509 primus
375 1472 408 1498 et
432 1467 643 1498 antecedens
668 1467 795 1498 occidit
818 1473 1023 1508 potestatem
1047 1468 1189 1499 Mantue
1214 1472 1247 1498 et
1264 1467 1449 1510 Pancetam
1475 1469 1518 1501 de
1542 1468 1752 1507 RovoHono,
1778 1469 1837 1512 qui
1861 1469 1962 1502 ambo

123 1518 228 1549 multa
251 1517 389 1560 flagella
413 1517 579 1549 dederant
603 1517 789 1555 Paduanis,
814 1522 848 1548 et
871 1517 982 1559 gratia
1006 1517 1071 1548 Dei
1095 1517 1129 1548 in
1153 1517 1270 1560 fugam
1302 1518 1467 1549 miserunt
1491 1518 1575 1550 alios
1603 1519 1760 1551 inimicos
1785 1525 1818 1551 et
1841 1520 1966 1551 multos

59 1567 98 1599 25
123 1568 328 1600 occiderunt
352 1579 395 1600 ex
421 1568 490 1605 eis:
515 1574 635 1609 postea
659 1568 788 1599 reversi
813 1574 891 1599 sunt
916 1568 959 1599 ad
983 1568 1169 1599 exercitum
1194 1579 1289 1599 suum
1314 1574 1380 1600 etc.

209 1619 341 1651 Eodem
365 1619 546 1650 millesimo
571 1619 627 1650 die
655 1628 758 1656 xxm,
791 1619 915 1650 mensis
946 1619 1079 1662 augusti
1112 1619 1207 1651 circa
1238 1630 1411 1660 vesperas.
1458 1620 1543 1652 Cum
1575 1621 1728 1653 marchio
1759 1621 1965 1654 Franciscus

121 1670 271 1708 estensis,
295 1670 438 1701 veniens
462 1670 506 1701 ab
531 1670 749 1710 aucupando,
774 1675 808 1701 et
839 1670 975 1702 rediens
998 1680 1061 1711 per
1084 1676 1218 1711 portam
1242 1669 1368 1701 Leonis
1400 1671 1442 1702 de
1473 1672 1643 1710 Ferraria,
1667 1671 1801 1703 invenit
1832 1672 1966 1714 aliquos

120 1720 339 1752 Cathelanos'
363 1726 539 1763 equestres
562 1726 595 1751 et
619 1720 750 1761 pedites
776 1720 977 1752 obedientes
1001 1719 1139 1752 domino
1158 1720 1347 1757 Dalmaxio‚
1364 1726 1446 1752 tunc
1462 1721 1592 1753 vicario
1616 1728 1649 1753 et
1672 1723 1799 1754 rectori
1818 1722 1965 1754 civitatis

121 1771 278 1802 Ferrarie
300 1782 364 1812 pro
389 1771 532 1803 domino
557 1769 725 1802 cardinali
750 1771 794 1802 de
818 1770 1000 1813 Pelagrua‚
1026 1777 1060 1802 et
1085 1777 1244 1802 curentes
1277 1777 1395 1803 contra
1427 1771 1600 1803 dominum
1630 1773 1850 1805 Franciscum
1875 1784 1965 1804 mar-

53 1822 94 1852 30
117 1821 276 1853 chionem
300 1822 483 1854 habentem
508 1822 708 1863 accipitrem
731 1821 766 1852 in
794 1821 960 1860 manibus,
986 1822 1164 1853 dixerunt:
1194 1821 1352 1853 stlortzms
1383 1823 1459 1853 estis
1490 1823 1621 1854 domine
1651 1823 1843 1855 Francz'sce.
1892 1823 1963 1861 Qui

119 1871 259 1904 audiens
274 1873 354 1911 hoc,
371 1873 521 1914 proiecit
544 1871 763 1913 accipitrem;
782 1878 815 1903 et
834 1872 951 1904 volens
975 1882 1010 1903 se
1030 1872 1220 1903 defendere
1240 1883 1317 1903 cum
1336 1882 1428 1910 ense,
1452 1883 1521 1905 non
1538 1873 1658 1914 potuit,
1677 1873 1755 1915 quia
1780 1874 1870 1905 solus
1887 1880 1962 1906 erat

120 1932 197 1954 cum
220 1933 288 1955 uno
313 1923 517 1960 domicello;
544 1929 577 1954 et
601 1923 701 1954 ambo
717 1923 842 1954 mortui
867 1923 1015 1955 fuerunt.
1063 1922 1106 1953 Et
1129 1928 1269 1964 propter
1287 1923 1352 1954 hoc
1369 1923 1482 1954 nullus
1506 1923 1737 1955 Ferrariensis
1756 1925 1963 1966 presumpsit

121 1983 244 2015 capere
267 1984 362 2005 arma
387 1979 453 2006 etc.

206 2023 339 2056 Eodem
363 2024 554 2062 millesimo,
579 2024 636 2056 die
661 2024 770 2056 sabati
795 2025 838 2056 de
863 2035 962 2056 mane
987 2030 1021 2056 et
1045 2035 1159 2055 mense
1177 2024 1338 2056 octubris.
1385 2024 1552 2056 Dominus
1568 2025 1764 2056 Dalmaxius
1788 2026 1963 2067 predictus

57 2074 96 2105 35
122 2075 283 2116 suspendi
306 2075 393 2107 fecit
417 2075 462 2107 ad
485 2076 601 2108 furcas
631 2075 665 2106 in
697 2075 809 2116 capite
832 2075 946 2116 platee
978 2075 1118 2106 Ferarie
1149 2075 1195 2107 ad
1225 2074 1352 2106 baneas
1383 2075 1625 2118 galigariorum
1657 2086 1712 2106 ser
1742 2075 1964 2119 Aymericum

122 2126 248 2168 Sbuga,
272 2136 327 2158 ser
349 2125 549 2158 Accordum
574 2126 617 2157 de
642 2125 772 2164 Padua,
804 2126 929 2170 (pilium
954 2126 997 2157 de
1021 2125 1248 2167 Campadello
1273 2125 1316 2157 de
1340 2125 1499 2157 Ferraria
1522 2131 1764 2167 procuratores
1793 2132 1828 2158 et
1852 2127 1964 2159 consi-

120 2176 235 2208 liarios
260 2177 424 2209 antedicti
449 2177 579 2208 domini
605 2177 782 2209 Francisci
798 2177 1009 2208 marchionis

926 2274 1158 2317 MCCCXIIJ.

205 2345 258 2377 De
274 2356 391 2377 mense
404 2345 579 2378 februarii.
604 2347 770 2377 Dominus
787 2346 979 2387 imperator
991 2346 1169 2386 predictus
1183 2345 1338 2377 discessit
1350 2345 1579 2388 Podiobonici
1593 2346 1635 2378 de
1649 2345 1805 2378 districtu
1819 2346 1961 2378 Floren-

56 2398 96 2428 40
119 2398 174 2436 tie,
200 2404 234 2430 et
257 2398 317 2430 ivit
339 2399 454 2438 Pixas,
479 2405 514 2430 et
536 2409 614 2430 cum
637 2399 683 2430 ibi
707 2399 876 2440 pervenit,
901 2398 1032 2440 incepit
1063 2409 1205 2441 gueram
1229 2405 1350 2430 contra
1373 2398 1589 2436 Luchenxes,
1615 2397 1662 2430 et'
1688 2399 1782 2440 cepit
1805 2399 1958 2431 Petram-

119 2450 294 2483 sanctam⁶
318 2457 351 2483 et
375 2450 585 2495 Sarecanam
597 2451 618 2490 ⁷,
644 2458 678 2483 et
702 2452 765 2483 sibi
792 2451 997 2484 obedierunt
1021 2451 1115 2483 cives
1146 2451 1348 2483 Poltremoli
1365 2450 1385 2483 ⁸.

210 2569 232 2587 1.
247 2564 338 2594 prima
357 2563 476 2587 obsessit
495 2565 523 2587 in
541 2564 564 2587 A
582 2565 628 2595 poi
645 2563 784 2587 cancellato
803 2571 829 2587 ss
849 2572 861 2586 ε
877 2566 948 2594 posto
973 2566 1048 2594 sopra
1066 2563 1111 2586 sul
1128 2564 1184 2594 rigo
1204 2564 1220 2587 d
1246 2577 1278 2581 —
1300 2571 1324 2596 3.
1343 2563 1523 2588 circumcirca
1550 2564 1574 2586 B
1594 2564 1670 2588 Mun.
1698 2577 1729 2580 —
1751 2569 1775 2595 7.
1796 2564 1956 2596 millesimo]

120 2611 195 2628 anno
214 2605 290 2629 Mun.
311 2618 322 2622 -
342 2605 505 2629 Franciscus
525 2614 571 2629 om.
593 2606 617 2628 B
631 2606 707 2629 Mun.
723 2619 755 2622 —
769 2612 793 2635 9.
812 2604 936 2636 longius]
955 2605 1111 2636 longiorem
1131 2606 1154 2628 Α
1175 2619 1206 2622 -
1229 2611 1268 2636 13.
1290 2606 1409 2629 Thexini
1429 2613 1474 2629 om.
1496 2606 1574 2630 Mun.
1590 2619 1622 2623 —
1645 2611 1684 2635 17.
1699 2605 1890 2630 Guillielmum
1903 2613 1957 2630 eon

119 2647 224 2678 equest.
243 2647 397 2671 cathelanio
416 2648 441 2670 B
460 2661 470 2665 -
490 2647 678 2672 Guulielmum
697 2655 758 2671 cum
778 2648 953 2679 equestribus
968 2646 1130 2671 Cathelanis
1151 2647 1226 2671 MUR.
1249 2660 1280 2664 —-
1302 2654 1343 2671 20.
1358 2648 1518 2671 Bertramus
1537 2648 1562 2670 B
1582 2648 1659 2672 Mun.
1681 2660 1691 2665 -
1710 2647 1840 2679 istorum]
1861 2656 1955 2672 eorum

120 2688 145 2710 B
164 2688 240 2712 Mmz.
261 2701 293 2705 -—-
313 2688 355 2713 26.
374 2689 418 2711 nel
436 2691 555 2720 margine
574 2690 678 2712 sinistro
691 2688 766 2718 forse
785 2689 853 2711 della
872 2692 949 2712 stessa
970 2697 1061 2712 mano:
1084 2689 1160 2713 Mors
1186 2689 1295 2713 domini
1316 2688 1460 2713 Francisci
1487 2689 1662 2713 marchionis
1687 2689 1815 2713 Estensis
1841 2703 1851 2707 -
1874 2690 1955 2721 Cum]

76 2735 88 2760 5
120 2730 257 2754 Dominus
276 2731 354 2755 Mun.
374 2745 406 2748 —
427 2738 468 2763 29.
487 2732 515 2754 z'n
535 2732 559 2754 A
579 2731 622 2753 nel
634 2732 752 2762 margine
765 2732 796 2753 di
812 2732 898 2754 (ἰὼ-ινα
918 2731 948 2753 di
966 2738 1040 2754 mano
1059 2731 1151 2754 tarda:
1174 2731 1288 2754 Factum
1314 2731 1443 2762 iniquum
1463 2732 1492 2754 et
1511 2730 1682 2755 scelleratum

208 2790 215 2806 ¹
236 2792 363 2816 Sansalvi
382 2793 426 2817 nel
445 2800 561 2817 comune
581 2793 608 2817 di
630 2793 746 2817 Fiesole.
970 2778 981 2790 ⁴
1065 2791 1106 2816 Cf.
1128 2791 1258 2822 D'ARco‚
1278 2796 1317 2823 op.
1336 2794 1392 2820 cit„
1411 2801 1436 2825 p.
1458 2799 1499 2823 32,
1518 2793 1573 2817 vol.
1593 2792 1640 2817 Vl.

209 2831 219 2847 ²
239 2833 294 2857 San
314 2834 451 2859 Casciano
472 2841 488 2858 a
507 2841 540 2865 24
560 2835 606 2858 kil.
627 2834 724 2859 s-S-O.
743 2833 777 2859 da
796 2835 920 2858 Firenze.
1152 2831 1163 2847 ‘³
1183 2834 1359 2858 Pietrasanta
1379 2842 1395 2858 a
1415 2840 1447 2865 25
1468 2834 1515 2858 kil.
1536 2834 1649 2859 o-N-O.
1670 2834 1703 2858 da
1721 2834 1819 2858 Lucca.

208 2873 218 2889 ³
237 2875 410 2907 Poggibonsi
430 2883 447 2900 a
467 2883 498 2900 22
518 2876 564 2900 kil.
584 2876 657 2901 N-O.
677 2876 711 2900 da
730 2876 824 2900 Siena.
1155 2875 1165 2891 ⁷
1186 2876 1308 2900 Sarzana
1327 2883 1342 2899 a
1365 2883 1392 2900 11
1414 2876 1459 2901 kil.
1479 2876 1510 2900 E.
1530 2876 1565 2900 da
1584 2876 1693 2907 Spezia.

207 2916 217 2931 ⁴¹
239 2918 324 2942 Torri
344 2918 373 2942 di
393 2918 559 2946 Quartesolo
579 2926 595 2943 a
614 2924 627 2949 7
647 2919 694 2942 kil.
714 2919 777 2943 ξδ’-Ε.
797 2919 830 2942 da
850 2919 980 2943 Vicenza.
1153 2917 1163 2933 ⁴⁴³
1184 2918 1358 2942 Ponti-emon
1378 2926 1393 2942 a
1413 2918 1446 2950 38
1465 2918 1512 2943 kil.
1533 2918 1647 2943 N-N-O.
1665 2919 1700 2942 da
1719 2919 1838 2944 Cari-ara

61 2961 92 2979 10
206 2957 216 2974 ⁵
237 2959 418 2983 Patertadino
438 2958 479 2984 de’
498 2960 641 2985 Patertadi
661 2968 676 2983 o
691 2960 828 2984 Parcitadi
845 2961 879 2984 da
892 2961 1010 2984 Rimini.

275 3069 308 3094 Τ.
326 3069 387 3100 XV,
406 3077 433 3102 p.
451 3076 489 3095 111
509 3084 541 3088 —
562 3070 587 3096 6.

2042 1739 2126 1756 c,71v

2036 2411 2110 2434 Mum..
2127 2410 2165 2431 375
