2307 3592
55 857 92 887 10

53 1117 89 1150 15

48 1645 88 1678 25

48 1912 90 1944 30

46 2177 87 2210 35

45 2921 77 2938 10

118 255 170 289 [Α.
194 256 286 288 1281]
753 250 1066 285 CHRONICON
1094 248 1260 284 ESTEN
1263 249 1321 283 SE
1913 252 1959 285 45

118 381 161 412 de
186 380 218 412 la
241 381 354 412 Turre
379 381 505 412 mortui
528 381 584 413 vel
609 381 700 422 capti
724 381 865 412 fuerunt
886 380 974 411 ultra
998 383 1048 418 vc,
1066 379 1155 411 inter
1178 389 1264 422 quos
1287 380 1353 412 fuit
1376 379 1533 413 dominus
1549 381 1720 413 Cassonus
1738 381 1782 412 de
1806 381 1838 412 la
1854 381 1967 412 Turre

118 443 196 464 cum
219 443 244 464 v
267 432 323 464 vel
345 443 384 464 VI
409 433 453 465 de
479 434 580 465 domo
605 433 689 472 eius,
713 439 746 465 et
769 432 927 465 dominus
951 432 1097 464 Scurta¹
1117 432 1160 464 de
1176 432 1310 471 Parma,
1328 433 1386 475 qui
1411 439 1484 465 erat
1499 439 1650 475 potestas
1674 434 1821 467 civitatis
1844 433 1969 472 Laudi,

117 486 153 517 in
175 485 251 528 ipso
275 485 384 527 prelio
408 492 560 518 mortuus
583 486 651 518 fuit
675 496 753 517 cum
776 485 891 517 multis
914 486 957 517 de
981 485 1114 516 familia
1137 496 1197 517 sua
1221 491 1286 517 etc.

206 539 338 571 Eodem
369 539 549 571 millesimo
575 540 630 571 die
662 539 771 571 sabati
802 549 841 570 vr
871 538 998 570 mensis
1028 538 1241 580 septembris.
1287 538 1465 571 Cambium
1496 546 1529 572 et
1559 539 1766 582 permutatio
1791 540 1885 571 facta
1917 545 1968 571 est

119 602 195 624 cum
218 602 342 635 magno
359 593 486 635 gaudio
504 593 547 624 de
573 592 740 625 carocciis
763 592 927 632 acceptis,
951 591 1040 622 inter
1063 601 1209 623 comune
1232 591 1355 623 Parme
1380 603 1422 623 ex
1442 603 1511 624 una
1533 598 1642 634 parte,
1667 599 1701 625 et
1724 603 1866 625 comune
1885 592 1969 624 Cre-

117 654 218 676 mone
243 655 285 676 ex
309 645 392 682 alia3
419 645 498 687 quia
522 655 591 686 pax
614 645 709 677 facta
731 645 822 677 inter
846 653 904 675 eos
921 649 1002 675 erat.
1049 643 1198 685 Propter
1221 645 1287 676 hoc
1305 644 1434 676 dictum
1451 655 1596 677 comune
1620 645 1811 678 Cremone'
1836 645 1968 686 incepit

117 697 204 729 bene
229 697 358 736 facere,
383 698 463 740 quia
486 698 553 739 ipsi
576 697 737 729 fecerunt
760 695 862 728 valde
887 696 976 728 bene
1000 705 1187 738 preparare
1213 697 1387 729 carocium
1410 697 1546 736 Parme,
1571 704 1605 730 et
1628 698 1772 740 pingere
1796 699 1839 729 de
1867 707 1968 735 novo,

118 755 152 781 et
175 749 263 781 fecit
287 751 359 782 fieri
383 750 544 782 vexillum
569 749 613 781 de
638 759 738 787 novo,
764 749 823 791 qui
848 749 1023 780 carrocius
1047 748 1236 781 vocabatur
1259 750 1509 782 Blancardus2.
1545 751 1590 782 Et
1614 751 1695 782 dicti
1721 750 1969 783 Cremonenses

116 802 246 835 dictum
271 803 444 835 carocium
469 803 709 835 conduxerunt
732 812 834 843 super
857 801 1046 834 districtum
1070 801 1205 840 Parme,
1230 802 1264 832 in
1283 802 1359 834 loco
1383 803 1442 835 ubi
1467 803 1591 835 dicitur
1616 802 1865 846 Arcinoldum³
1891 813 1967 834 cum

115 855 221 887 tribus
246 855 349 896 pariis
372 856 500 888 bobum
525 855 720 897 cohopertis
743 865 905 896 purpura,
931 859 966 886 et
990 854 1144 897 cendali3
1170 861 1203 886 et
1228 854 1275 886 ibi
1299 855 1427 887 dictum
1453 857 1625 888 carocium
1650 867 1728 887 cum
1752 856 1861 888 bobus
1889 866 1967 897 pre-

118 908 219 940 dictis
244 908 293 939 sic
319 908 515 950 cohopertis
541 908 723 945 dederunt,
740 913 773 938 et
789 906 1011 939 restituerunt
1027 907 1121 939 dicto
1146 907 1284 939 comuni
1299 907 1434 940 Parme.
1482 909 1527 940 Et
1551 909 1605 940 die
1624 909 1797 940 dominico
1814 909 1967 950 sequenti

115 959 201 992 dicti
224 960 428 993 Parmenses
460 961 591 992 dictum
616 960 791 991 carocium
814 959 972 991 Parmam
1004 960 1243 992 conduxerunt
1267 970 1345 992 cum
1377 971 1502 1003 magno
1526 961 1665 1004 gaudio,
1694 967 1727 993 et
1759 961 1878 994 letitia.
1926 962 1969 993 Et

114 1019 266 1055 potestas
291 1013 442 1045 civitatis
464 1013 598 1045 Mutine
613 1012 624 1029 ⁴
649 1024 725 1045 cum
742 1023 869 1055 magna
884 1012 1077 1054 quantitate
1093 1019 1290 1055 magnatum
1314 1012 1406 1045 dicte
1431 1013 1592 1051 civitatis,
1611 1020 1645 1046 et
1669 1014 1771 1045 etiam
1795 1014 1892 1046 multi
1925 1015 1967 1046 de

116 1065 256 1097 civitate
280 1066 384 1109 Regii
407 1067 544 1097 iverunt
567 1065 739 1104 Parmam,
773 1071 806 1097 et
836 1065 882 1097 ibi
906 1065 1069 1108 gaudium
1102 1066 1422 1098 demonstraverunt
1454 1067 1498 1099 de
1523 1066 1617 1098 dicto
1641 1067 1779 1099 carocio
1812 1072 1877 1098 etc.
1924 1067 1969 1098 Et

114 1119 149 1149 in
173 1118 242 1150 hiis
266 1119 387 1151 diebus
417 1118 622 1150 Parmenses
646 1119 806 1151 fecerunt
831 1118 960 1150 dictum
985 1118 1159 1150 carocium
1184 1119 1339 1150 comunis
1363 1119 1532 1152 Cremone
1548 1119 1704 1162 pingere,
1723 1125 1755 1152 et
1774 1120 1862 1152 bene
1890 1130 1968 1161 pre-

114 1172 229 1213 parari
253 1172 296 1204 de
319 1182 421 1211 novo,
446 1177 480 1203 et
503 1182 581 1204 cum
605 1171 732 1204 vexillo
757 1181 859 1210 novo,
884 1171 944 1213 qui
968 1171 1124 1203 carocius
1148 1172 1338 1204 vocabatur
1361 1172 1495 1212 Berta⁵‚
1519 1173 1672 1204 refactus
1704 1178 1737 1204 et
1768 1179 1969 1214 preparatus

115 1225 247 1262 melius,
272 1235 374 1267 quam
397 1225 492 1266 prius
514 1235 583 1256 non
609 1231 691 1263 erat,
717 1224 857 1266 quando
882 1224 1087 1256 Parmenses
1111 1224 1222 1266 ipsum
1245 1224 1440 1257 habuerunt
1463 1225 1497 1256 in
1521 1226 1700 1258 victoriam
1724 1232 1880 1267 tempore
1904 1226 1966 1257 im—

113 1278 279 1318 peratoris
303 1278 331 1309 F
334 1277 471 1310 ederici.
518 1277 674 1309 Potestas
705 1276 854 1308 Parme6
879 1288 956 1309 cum
987 1277 1110 1309 militia
1133 1284 1166 1309 et
1189 1277 1317 1319 populo
1352 1277 1446 1309 dicte
1471 1278 1620 1310 civitatis
1651 1278 1761 1320 ipsum
1795 1279 1967 1310 carocium

113 1330 157 1362 ad
180 1336 305 1362 terram
329 1329 527 1374 Migacole⁷
552 1331 644 1372 apud
668 1331 817 1368 foveam,
842 1340 908 1372 que
933 1335 984 1362 est
1007 1330 1042 1361 in
1068 1330 1260 1362 confinibus
1284 1330 1457 1373 utriusque
1483 1331 1601 1372 partis,
1628 1341 1704 1362 cum
1729 1331 1836 1363 tribus
1864 1332 1968 1373 pariis

113 1382 237 1414 bobum
261 1383 458 1425 cohopertis
481 1383 630 1415 scarlato
655 1389 689 1415 et
712 1383 869 1421 sindone,
894 1383 1065 1415 dederunt
1091 1388 1124 1415 et
1144 1383 1366 1415 restituerunt
1391 1384 1527 1416 comuni
1551 1384 1733 1424 Cremone,
1758 1395 1864 1427 quare
1882 1384 1966 1417 Cre-

112 1445 292 1467 monenses
316 1446 392 1468 cum
416 1436 543 1480 gaudio
568 1446 693 1479 magno
718 1436 894 1468 carocium
920 1435 1126 1468 Cremonam
1152 1436 1392 1468 conduxerunt
1416 1442 1482 1469 etc.

200 1488 334 1521 Eodem
357 1489 538 1521 millesimo
563 1495 597 1521 et
619 1499 748 1521 mense.
794 1489 961 1520 Dominus
984 1489 1139 1520 marchio
1162 1488 1396 1521 Monferrati⁸
1421 1500 1498 1521 cum
1523 1490 1653 1528 militia,
1679 1501 1780 1533 quam
1804 1492 1968 1524 conduxit

115 1542 158 1574 de
181 1542 336 1583 partibus
361 1542 500 1584 Spanie,
527 1553 603 1574 cum
630 1542 770 1574 carocio
796 1548 829 1573 et
852 1542 981 1584 populo
1006 1542 1253 1574 mediolanensi
1279 1548 1312 1574 et
1338 1553 1482 1575 comune
1509 1543 1628 1585 Papie‚
1661 1554 1739 1575 cum
1764 1550 1834 1576 toto
1866 1555 1964 1586 posse

114 1594 208 1627 venit
231 1595 276 1626 ad
300 1595 473 1627 civitatem
495 1596 617 1633 Laudi,
642 1602 677 1628 et
700 1595 749 1627 ibi
773 1605 837 1637 per
855 1585 974 1637 'plures
998 1595 1073 1626 dies
1098 1601 1276 1635 steterunt,
1300 1601 1334 1627 et
1358 1596 1622 1628 devastaverunt
1645 1597 1756 1636 villas,
1780 1598 1908 1635 vineas,
1933 1604 1968 1629 et

112 1647 201 1685 loca,
227 1653 261 1679 et
284 1648 408 1687 omnia,
433 1659 499 1692 que
515 1654 709 1690 potuerunt.
755 1648 800 1680 Et
815 1653 898 1680 tunc
916 1654 1066 1689 potestas
1083 1647 1274 1681 Cremone⁹
1292 1660 1370 1681 cum
1387 1649 1520 1688 militia,
1539 1655 1573 1681 et
1596 1651 1724 1692 populo
1742 1651 1968 1683 Cremonensi

113 1701 159 1732 ad
182 1711 358 1732 sucursum
382 1700 493 1733 Laudi
516 1702 654 1733 iverunt
678 1702 723 1733 ad
746 1701 970 1733 Picileonem.
1017 1701 1119 1733 Tunc
1142 1707 1294 1743 potestas
1311 1702 1434 1734 Parme
1453 1713 1531 1734 cum
1551 1703 1680 1742 militia,
1697 1709 1732 1735 et
1748 1703 1965 1736 multitudine

113 1754 233 1795 populi
257 1754 518 1796 magnanimiter
542 1753 598 1786 die
622 1754 739 1786 martis
763 1764 846 1786 V1111
871 1754 1074 1795 septembris
1107 1754 1348 1798 equitaverunt
1378 1755 1595 1793 Cremonam,
1621 1763 1654 1788 et
1684 1762 1805 1798 postea
1835 1757 1970 1789 iverunt

114 1806 159 1837 ad
175 1805 355 1845 Cretam¹⁰‚
372 1817 439 1850 que
456 1813 506 1839 est
522 1815 632 1849 prope
648 1806 862 1839 Picileonem
876 1805 895 1822 ¹¹
913 1807 956 1838 ad
974 1810 1056 1838 1111Dr
1069 1806 1238 1846 milliaria,
1257 1814 1290 1839 et
1305 1807 1354 1840 ibi
1370 1809 1406 1839 in
1424 1809 1610 1840 exercitum
1634 1808 1668 1839 in
1692 1809 1829 1841 servitio
1842 1809 1966 1848 Laudi,

114 1864 148 1890 et
170 1859 339 1891 Cremone
370 1866 535 1892 steterunt
564 1870 627 1902 per
657 1869 681 1892 x
705 1860 790 1899 dies,
824 1861 937 1892 donec
969 1860 1140 1892 exercitus
1169 1859 1395 1899 Marchionis,
1421 1866 1454 1893 et
1478 1861 1789 1894 Mediolanensium
1814 1862 1966 1894 recessit.

114 1912 158 1944 Et
172 1913 208 1944 in
225 1913 422 1945 reversione
440 1913 523 1945 dicti
540 1913 708 1945 exercitus
724 1913 789 1945 suit
806 1924 930 1957 magna
945 1913 1182 1945 habundantia
1196 1913 1401 1956 pluviarum,
1418 1914 1467 1946 ita
1483 1915 1575 1958 quod
1591 1915 1794 1947 Parmenses
1812 1925 1889 1947 cum
1905 1926 1966 1947 suo

114 1965 275 2004 exercitu,
300 1971 334 1998 et
358 1977 436 1998 cum
461 1965 598 2009 magno'
623 1966 741 1999 labore
765 1966 903 2006 bobum,
929 1977 1006 1999 cum
1030 1976 1148 1999 eorum
1173 1967 1330 1999 curribus
1354 1967 1513 1999 Parmam
1530 1968 1716 2000 redierunt.
1763 1968 1807 2000 Et
1823 1969 1962 2010 publice

113 2018 302 2057 dicebatur,
327 2018 421 2062 quod
444 2019 528 2051 dicti
551 2019 756 2051 Parmenses
780 2020 814 2050 in
838 2020 932 2052 dicto
955 2019 1107 2052 exercitu
1129 2019 1305 2052 habebant
1327 2023 1408 2052 ΗΠΠΙ
1431 2021 1666 2063 septingentos
1691 2032 1820 2060 ειη-τηε,
1835 2028 1868 2053 et
1891 2021 1967 2063 plu-

113 2082 167 2103 res
190 2081 267 2102 cum
291 2071 409 2104 bobus.
456 2073 502 2104 Et
523 2072 560 2103 in
586 2072 682 2104 dicto
707 2073 859 2105 exercitu
883 2072 948 2104 fuit
970 2078 1121 2114 potestas
1145 2072 1292 2105 civitatis
1315 2073 1460 2112 Mutine,
1478 2080 1511 2106 et
1527 2074 1629 2117 Regii
1644 2073 1667 2092 ¹³
1692 2085 1769 2106 cum
1793 2074 1965 2113 militibus,

113 2130 147 2156 et
168 2125 306 2166 populis
330 2125 398 2157 suis
420 2125 456 2156 in
480 2136 607 2168 magna
629 2126 817 2168 quantitate
840 2125 876 2158 in
901 2125 1090 2158 subsidium
1115 2126 1260 2158 civitatis
1283 2126 1396 2158 Laudi
1419 2133 1484 2159 etc.

199 2178 332 2210 Eodem
356 2178 535 2211 millesimo
560 2179 603 2210 de
621 2189 738 2211 mense
755 2178 958 2211 decembris.
987 2179 1153 2211 Dominus
1168 2179 1297 2212 Boxius
1314 2180 1357 2212 de
1374 2180 1526 2212 Dovaria
1541 2186 1623 2212 tunc
1640 2181 1798 2223 bapnitus
1816 2181 1964 2214 civitatis

112 2231 280 2263 Cremone
303 2231 442 2263 intravit
465 2231 624 2264 Cremam
649 2242 726 2264 cum
751 2235 822 2263 1111⁰
846 2232 1018 2271 militibus,
1044 2242 1190 2275 quorum
1213 2243 1276 2274 pro
1300 2233 1421 2265 maiori
1443 2239 1542 2275 parte
1566 2233 1698 2275 bapniti
1722 2240 1821 2266 erant
1847 2232 1891 2265 de
1918 2234 1964 2265 ci-

110 2283 269 2316 vitatibus
292 2283 500 2316 Lombardie
519 2285 562 2316 de
579 2290 675 2326 parte
691 2285 861 2323 Ecclesie,
879 2285 913 2316 in
931 2285 1053 2328 quibus
1078 2291 1152 2318 erat
1174 2284 1379 2318 Manfredus
1394 2286 1482 2318 filius
1498 2287 1671 2330 quondam
1696 2286 1825 2319 domini
1841 2286 1964 2318 Uberti

109 2336 313 2379 Pelavigini,
339 2337 618 2369 causasaciendi
642 2348 801 2380 guerram
827 2339 999 2370 communi
1024 2338 1195 2371 Cremone
1220 2345 1255 2371 et
1279 2339 1502 2381 episcopatui.
1549 2340 1594 2371 Et
1621 2338 1742 2372 eadem
1775 2350 1878 2371 causa
1900 2350 1962 2381 po-

201 2496 224 2513 2.
244 2490 343 2514 Scrura
362 2491 385 2514 Α
399 2491 423 2513 B
441 2490 517 2515 Mun.
533 2504 564 2507 —
583 2495 622 2521 15.
642 2491 671 2514 in
691 2499 738 2515 om.
753 2491 778 2514 B
791 2491 870 2516 MUR.
886 2503 918 2508 —-
936 2498 975 2523 19.
990 2490 1139 2526 Migacole]
1160 2492 1305 2523 Angazole
1324 2492 1349 2514 B
1369 2492 1445 2517 Mun.
1463 2506 1494 2509 —
1510 2498 1551 2516 22.
1571 2492 1665 2524 quam]
1687 2499 1738 2524 que
1750 2492 1774 2515 A
1791 2505 1821 2509 —
1839 2498 1878 2522 27.
1899 2500 1956 2518 ma-

109 2531 279 2563 gnaminiter
297 2533 321 2555 A
336 2545 367 2550 —-
388 2537 429 2564 35.
450 2531 589 2563 civitatis]
610 2532 653 2559 A:
674 2540 689 2557 e
707 2532 825 2557 civitate
846 2533 924 2558 Mun.
944 2546 977 2551 —-
998 2534 1039 2565 38.
1059 2541 1171 2558 causam
1185 2535 1209 2558 Α

196 2618 203 2634 ¹
223 2620 322 2644 Scurta
341 2619 373 2644 de
393 2621 480 2645 Portu.
499 2620 534 2644 da
552 2621 663 2645 Parma.
1059 2622 1148 2645 Storz'a
1168 2622 1237 2646 della
1256 2623 1319 2646 cz'ttd
1339 2624 1369 2645 di
1386 2623 1495 2650 Parma,
1513 2623 1623 2652 Parma,
1647 2627 1722 2654 1795,
1741 2623 1788 2653 IV,
1808 2630 1835 2654 p.
1856 2630 1896 2655 44.

194 2658 205 2674 ²
225 2659 287 2684 Con
308 2660 379 2684 altro
400 2668 482 2684 nome
503 2661 522 2684 il
541 2661 683 2684 carroccio
709 2661 738 2685 di
758 2661 860 2685 Parma
885 2661 1004 2685 chiama·
1147 2663 1157 2679 ⁷
1176 2665 1340 2696 Ragazzola,
1362 2665 1499 2697 villaggio
1519 2671 1614 2697 presso
1634 2665 1659 2688 la
1684 2664 1744 2688 riva
1767 2665 1883 2689 sinistra
1908 2664 1953 2689 del
1986 2667 2015 2692 15

105 2704 166 2726 vasi
186 2702 340 2735 Regolium.
361 2701 406 2727 Cf.
429 2702 573 2726 Chrom'con
592 2703 730 2725 Parmense
746 2701 815 2734 (RR.
830 2702 864 2726 IL
880 2702 942 2730 SS..
958 2703 1004 2733 IX,
1059 2707 1186 2730 torrente
1195 2707 1312 2738 Rigosa,
1323 2706 1440 2731 co'mune
1455 2707 1483 2731 di
1497 2706 1700 2736 Roccabianca‚
1713 2714 1792 2739 prov.
1804 2706 1832 2730 di
1846 2707 1953 2731 Parma.

105 2751 131 2775 p.
151 2743 206 2776 38).
1146 2746 1157 2762 ⁸
1178 2748 1338 2780 Guglielmo
1357 2749 1390 2772 V.

194 2784 205 2801 3
224 2786 392 2818 Reginmdo.
655 2811 665 2819 ‚
1147 2787 1158 2804 ⁹
1177 2789 1324 2814 Gherardo
1345 2790 1449 2814 Areeui
1469 2789 1503 2814 da
1520 2790 1663 2814 Piacenza.
1701 2789 1744 2814 Cf.
1764 2790 1790 2812 la
1812 2790 1886 2813 Serio
1912 2791 1956 2812 dci

193 2825 205 2842 4
228 2827 385 2859 Guglielmo
405 2828 448 2852 de'
466 2829 553 2853 Rossi
573 2829 608 2853 da
626 2829 739 2853 Parma.
1058 2832 1162 2855 Reltori
1179 2833 1209 2854 di
1230 2831 1354 2854 Cremona
1373 2832 1448 2864 apud
1467 2831 1498 2855 L.
1518 2831 1702 2861 ASTEGLANO‚
1719 2832 1805 2855 Codex·
1816 2831 1952 2862 Diploma-

193 2867 203 2885 ⁵
219 2870 302 2894 Berta
316 2877 333 2893 o
346 2871 512 2894 Bertazzola.
533 2870 578 2895 Cf.
593 2871 703 2901 ΟΑΜΡῙ,
717 2871 813 2894 lstorz'a
823 2871 853 2894 dz'
866 2871 1002 2899 Cremona,
1058 2875 1126 2897 tz'cus
1149 2874 1298 2900 Cmnonms,
1319 2872 1436 2902 Torino,
1453 2872 1613 2905 1896-1899‚
1633 2874 1713 2897 torno
1733 2873 1754 2903 Ι,
1774 2881 1800 2906 p.
1823 2874 1880 2904 198.

103 2911 126 2936 Il
147 2911 292 2935 chronicon
308 2912 448 2936 Parmense
469 2911 538 2943 (RR.
553 2912 588 2936 II.
604 2913 667 2940 SS..
682 2913 728 2943 IX,
750 2921 776 2946 p.
791 2913 835 2945 38)
850 2913 877 2937 10
892 2914 1003 2938 chiama
1133 2912 1154 2930 ¹⁰
1174 2914 1275 2939 Crotta
1297 2913 1407 2938 d’Adda
1427 2922 1441 2937 a
1465 2921 1495 2945 14
1514 2914 1564 2939 kil.
1583 2914 1618 2939 O.
1638 2914 1672 2938 da
1692 2913 1842 2939 Cremona.

103 2954 259 2986 Gayardus.
296 2953 317 2977 11
337 2953 402 2978 Iaffe
419 2954 500 2986 legge
520 2954 696 2986 Ganyardus.
1136 2954 1155 2971 ¹¹
1176 2955 1388 2988 Pizzighettone
1407 2963 1422 2978 a
1446 2963 1476 2987 19
1495 2956 1544 2980 kil.
1564 2955 1680 2981 o-N-O.
1700 2956 1734 2980 da
1753 2955 1900 2980 Cremona.

190 2994 200 3009 ὓ
222 2994 390 3020 Gnidottino
412 2995 453 3019 de‘
473 2995 585 3028 Bonghi
604 2996 640 3020 da
665 2997 812 3029 Bergamo.
839 2995 884 3021 Cf.
911 2995 1001 3027 Ari-21,
1136 2996 1157 3012 ¹⁴³
1177 2998 1270 3022 Rosso
1290 2997 1509 3022 Buondelmonti
1530 2997 1565 3021 da
1584 2998 1708 3024 Firenze.

2078 661 2104 679 40
2114 662 2125 673 ,r

2041 1978 2118 1999 Mun..
2134 1985 2169 1996 ,ω
