2297 3476
241 2851 271 2868 10

303 152 350 187 96
937 153 1248 189 CHRONICON
1276 153 1506 190 ESTENSE
1842 160 1924 194 [AA.
1946 162 2140 195 1326-1327]

300 283 409 315 vitatis
432 282 579 318 Mutine,
604 287 638 313 et
661 282 821 314 insultum
846 283 1004 314 fecerunt
1026 282 1210 314 maximum
1235 283 1366 314 civitati
1390 283 1539 320 Mutine3
1566 289 1598 315 et
1614 284 1710 316 multi
1727 295 1770 316 ex
1786 284 1835 316 eis
1851 285 1973 317 mortui
1990 286 2139 322 fuerunt,

299 334 424 366 deinde
449 345 525 366 cum
550 335 754 367 detrimento
777 340 1003 366 recesserunt.

386 388 518 419 Eodem
542 387 719 418 millesimo
744 393 777 418 et
799 397 915 418 mense
939 387 1142 419 decembris.
1177 388 1313 419 Rustici
1337 389 1515 420 comitatus
1539 389 1695 421 Ferrarie
1719 389 1754 420 in
1779 390 1926 422 maxima
1950 392 2137 433 quantitate

299 440 342 471 ad
366 440 558 472 instantiam
582 440 796 472 dominorum
821 440 1063 472 Marchionum
1088 441 1223 472 iverunt
1247 441 1410 473 Sanctum
1432 440 1613 473 Albertum
1638 442 1672 473 in
1690 442 1845 474 districtu
1868 443 2036 475 Ravenne
2061 453 2138 475 cum

299 493 452 535 pluribus
474 493 644 535 magistris
674 503 694 523 a
725 493 929 535 lignamine3
954 499 987 524 et
1009 493 1056 524 ibi
1081 500 1343 525 construxerunt
1367 493 1541 536 quoddam
1565 500 1713 526 castrum
1738 495 1930 537 lignaminis
1954 507 2031 528 cum
2066 496 2140 528 aliis

299 546 470 583 ἴοι-11111118,
495 552 528 577 et
552 545 735 588 quemdam
759 552 898 587 pontem
923 556 1025 587 super
1049 546 1191 578 navibus
1215 547 1248 577 in
1272 546 1368 578 Pado
1391 558 1468 578 cum
1492 547 1624 579 stellata
1641 553 1720 579 ante
1738 548 1867 580 dictum
1890 555 2041 589 pontem,
2060 560 2137 581 cum

298 599 429 641 magnis
452 599 561 631 foveis
586 598 677 631 circa
702 604 866 635 castrum
892 605 926 630 et
949 599 995 631 ibi
1019 599 1063 631 ad
1081 598 1269 631 custodiam
1286 599 1433 631 fortilitii
1451 606 1548 632 erant
1563 599 1779 641 stipendiarii
1796 600 1928 643 equites
1945 607 1978 633 et
1994 603 2137 643 pedites·

1078 723 1331 756 MCCCXXVI
1332 724 1363 767 J.

385 805 436 835 De
461 814 576 836 mense
601 804 775 836 februarii.
800 803 998 836 Kardinalis
1011 803 1030 842 ¹,
1055 805 1113 846 qui
1137 805 1268 847 legatus
1290 803 1451 836 Ecclesie
1475 804 1672 843 vocabatur,
1689 804 1782 836 venit
1799 804 2000 843 Bononiam,
2016 806 2049 837 in
2074 817 2141 848 qua

299 857 393 888 cives
417 857 605 888 honorifice
628 863 833 899 receperunt
855 867 943 895 eum,
968 863 1001 888 et
1025 857 1196 899 eligerunt
1219 857 1254 887 in
1279 856 1453 888 dominum
1479 857 1568 888 dicte
1594 857 1748 889 civitatis.

385 910 517 941 Eodem
542 910 720 942 millesimo
745 916 778 942 et
801 920 928 942 mense.
952 910 1119 941 Dominus
1142 910 1296 941 marchio
1321 909 1429 952 Obico
1455 911 1606 947 estensis,
1624 910 1782 942 dominus
1798 911 1902 943 Canis
1918 912 1961 943 de
1980 912 2011 943 la
2029 912 2141 950 Scala,

298 963 454 995 dominus
477 963 677 995 Passarinus
702 964 745 995 de
768 964 922 1000 Mantua,
948 963 1106 995 dominus
1129 963 1270 995 Marcus
1286 963 1491 995 Vicecomes
1506 962 1709 1001 Mediolani,
1727 964 1884 996 dominus
1907 964 2142 997 Commasinus

298 1017 432 1048 iverunt
448 1016 492 1047 ad
515 1017 764 1057 parlamentum
780 1016 983 1048 Tridentum
996 1016 1008 1033 ‘²
1033 1027 1109 1048 cum
1127 1016 1264 1047 domino
1288 1016 1494 1058 imperatore
1511 1016 1679 1059 Ludoyco
1697 1017 1740 1048 de
1756 1016 1912 1056 Baveria‚
1930 1023 1964 1049 et
1986 1017 2035 1049 ibi
2050 1018 2143 1050 ordi-

295 1076 462 1101 naverunt
478 1070 672 1108 adventum,
685 1075 718 1101 et
735 1070 911 1101 transitum
926 1069 1010 1101 dicti
1026 1069 1243 1110 Imperatoris
1259 1069 1293 1100 in
1309 1069 1461 1110 partibus
1476 1069 1702 1106 Lombardie;
1721 1069 1846 1101 deinde
1863 1070 2007 1112 quilibet
2024 1081 2140 1102 eorum

296 1133 452 1154 reversus
465 1129 515 1154 est
531 1123 576 1155 ad
588 1123 733 1165 patriam
750 1134 853 1154 suam.
878 1123 1042 1154 Dominus
1059 1123 1247 1163 Imperator
1263 1122 1357 1154 venit
1373 1123 1408 1153 in
1424 1122 1677 1159 Lombardiam,
1692 1129 1725 1154 et
1741 1123 1802 1154 ivit
1818 1123 1988 1154 civitatem
2005 1124 2140 1155 Medio-

298 1176 376 1214 lani,
400 1176 458 1208 ubi
482 1176 638 1208 dominus
663 1177 792 1218 Galeac
816 1176 1023 1208 Vicecomes
1047 1181 1080 1207 et
1105 1176 1264 1207 dominus
1287 1175 1478 1207 Mediolani
1497 1185 1572 1206 eum
1590 1176 1723 1216 recepit
1736 1185 1813 1206 cum
1830 1175 1978 1207 maximo
2002 1177 2140 1208 honore.

385 1230 517 1261 Eodem
540 1230 718 1261 millesimo
742 1229 785 1260 de
811 1239 927 1260 mense
951 1229 1067 1260 madii.
1093 1229 1221 1260 Gentes
1245 1229 1401 1260 Ecclesie
1420 1228 1607 1260 existentes
1623 1228 1656 1259 in
1674 1228 1811 1260 civitate
1828 1228 1983 1260 Bononie
2006 1228 2143 1260 iverunt

299 1283 333 1313 in
356 1282 526 1324 partibus'
550 1282 663 1325 Regii,
688 1282 822 1314 scilicet
846 1282 880 1312 in
906 1281 999 1312 curia
1024 1281 1239 1319 Quarantule
1253 1280 1275 1319 ³,
1299 1287 1333 1313 et
1356 1287 1461 1313 totam
1487 1287 1675 1313 contratam
1699 1281 1792 1312 illam
1810 1280 2063 1313 destruxerunt:
2081 1291 2142 1323 po·

297 1341 370 1366 stea
394 1335 430 1366 in
454 1335 650 1367 reversione
675 1345 790 1367 eorum
816 1334 1008 1366 habuerunt
1031 1334 1150 1365 turrim
1175 1345 1195 1365 a
1218 1334 1381 1366 Kannoli.

384 1389 518 1420 Eodem
540 1388 719 1420 millesimo
744 1394 777 1419 et
800 1398 927 1419 mense.
952 1387 1118 1419 Dominus
1142 1387 1324 1429 episcopus
1349 1386 1518 1418 aretinus⁴
1542 1397 1690 1430 pergens
1714 1387 1961 1425 Mediolanum,
1986 1387 2140 1419 transivit

296 1453 358 1483 per
382 1442 585 1479 Ferrariam,
610 1448 643 1474 et
666 1441 738 1473 ibat
762 1441 947 1472 occasione
972 1440 1203 1472 coronationis
1227 1439 1355 1472 domini
1379 1440 1601 1481 Imperatoris
1625 1440 1668 1471 de
1692 1439 1847 1472 Baveria.

385 1495 518 1526 Eodem
542 1494 721 1526 millesimo
748 1500 778 1525 et
802 1503 929 1525 mense.
953 1493 1120 1524 Dominus
1144 1493 1295 1524 marchio
1320 1492 1523 1535 Raynaldus
1548 1493 1698 1530 estensis,
1727 1492 1885 1525 dominus
1908 1493 2011 1525 Canis
2034 1494 2077 1525 de
2109 1494 2142 1524 la

298 1548 409 1586 Scala,
434 1548 591 1580 dominus
614 1547 811 1579 Passarinus
835 1547 878 1578 de
903 1545 1057 1584 Mantua,
1083 1546 1216 1577 iverunt
1239 1546 1485 1583 Mediolanum,
1511 1545 1569 1577 ubi
1596 1552 1668 1577 erat
1691 1547 1884 1578 antedictus
1903 1547 2059 1578 dominus
2076 1546 2141 1577 Im-

296 1607 445 1643 perator,
469 1607 503 1632 et
525 1601 573 1633 ibi
597 1611 674 1632 cum
699 1600 773 1631 aliis
796 1599 980 1630 maximum
1011 1599 1137 1630 testum
1170 1604 1204 1630 et
1235 1599 1398 1641 gaudium
1431 1599 1601 1637 fecerunt,
1634 1605 1668 1629 et
1702 1599 1796 1630 curia
1827 1598 2015 1640 pulcerima
2047 1599 2142 1630 sacta

299 1661 358 1686 est.
404 1655 448 1686 Et
471 1654 504 1685 in
528 1654 616 1685 festo
640 1653 856 1685 Pentecostis
870 1651 880 1667 ⁵
897 1652 963 1683 fuit
980 1657 1164 1683 coronatus
1180 1651 1292 1682 dictus
1309 1651 1467 1682 dominus
1485 1651 1684 1692 Imperator,
1702 1658 1734 1682 et
1751 1651 1905 1682 similiter
1921 1650 2058 1682 domina
2075 1652 2140 1682 Im-

296 1706 485 1748 peratrix⁶;
511 1713 624 1738 tamen
648 1706 804 1738 dominus
827 1706 1019 1746 Imperator
1036 1704 1213 1736 decoravit
1236 1705 1352 1745 plures
1376 1704 1501 1735 milites
1525 1704 1729 1736 lombardos.

383 1760 517 1792 Eodem
540 1759 719 1790 millesimo
745 1759 801 1790 die
827 1767 902 1789 xxx
926 1758 1050 1789 mensis
1066 1757 1180 1788 madii.
1227 1757 1422 1788 Placentini
1442 1767 1518 1789 cum
1535 1767 1653 1789 eorum
1670 1756 1796 1788 navilio
1813 1763 1980 1788 venerunt
1996 1757 2040 1788 ad
2056 1767 2142 1798 pon-

296 1820 364 1845 tem
387 1814 568 1850 Cremone,
592 1818 770 1854 sperantes
793 1811 920 1843 habere
947 1810 1131 1845 civitatem:
1157 1810 1410 1842 Cremonenses
1432 1810 1576 1842 viriliter
1599 1811 1799 1842 resisterunt
1824 1811 1882 1848 eis,
1915 1810 2026 1842 taliter
2049 1810 2142 1852 quod

297 1866 418 1898 multos
443 1878 485 1897 ex
507 1866 557 1898 eis
580 1865 783 1898 occiderunt
807 1872 840 1896 et
865 1870 1048 1906 ceperunt3
1072 1864 1108 1894 in
1132 1864 1198 1895 fine
1224 1864 1375 1896 conflicti
1397 1869 1475 1895 sunt
1498 1863 1702 1895 Placentini.

382 1920 515 1952 Eodem
540 1919 717 1951 millesimo
741 1919 784 1950 de
809 1928 923 1948 mense
945 1917 1030 1959 julii.
1054 1916 1219 1949 Dominus
1242 1917 1414 1959 Ricardus
1439 1916 1482 1948 de
1507 1916 1700 1949 Manfredis
1725 1917 1767 1948 de
1793 1916 1957 1948 Faventia
1980 1917 2141 1958 expulsus

297 1980 347 2005 est
371 1974 414 2005 de
439 1973 576 2005 civitate
601 1983 621 2003 a
643 1972 728 2003 filiis.

383 2027 516 2058 Eodem
539 2025 718 2057 millesimo
743 2030 777 2056 et
801 2024 922 2056 eodem
946 2033 1072 2055 mense.
1097 2023 1262 2055 Dominus
1287 2023 1415 2066 Galeac
1441 2023 1483 2055 de
1500 2022 1770 2055 Vicecomitibus
1787 2023 1829 2054 de
1846 2022 2046 2054 Mediolano
2065 2032 2141 2053 cum

297 2079 499 2122 quibusdam
524 2079 567 2110 de
592 2079 659 2110 suis
684 2078 773 2119 capti
797 2078 937 2108 fuerunt
961 2088 980 2108 a
1004 2075 1162 2119 gentibus
1186 2075 1313 2108 domini
1339 2076 1558 2117 Imperatoris
1581 2075 1758 2114 antedicti,
1783 2082 1816 2107 et
1840 2075 1931 2117 ipsos
1962 2075 2048 2107 fecit
2072 2086 2143 2106 car-

297 2133 407 2164 cerari
429 2133 465 2164 in
491 2132 627 2164 civitate
650 2131 803 2163 Muncie.

383 2186 517 2218 Eodem
540 2184 728 2216 millesimo.
754 2183 935 2225 Completa
959 2188 1009 2215 est
1032 2183 1147 2224 platea
1172 2182 1325 2214 comunis
1349 2182 1505 2214 Ferrarie
1529 2182 1678 2225 saligari,
1704 2187 1738 2213 et
1761 2181 1923 2214 stationes
1947 2181 2041 2213 iuxta
2070 2181 2142 2223 epi-

297 2245 474 2281 scopatum
498 2237 666 2271 Ferrarie.

384 2292 516 2324 Eodem
540 2290 719 2322 millesimo
743 2290 787 2321 de
811 2299 926 2321 mense
950 2289 1147 2321 novembris
1171 2290 1296 2321 flumen
1320 2288 1407 2320 Padi
1432 2288 1539 2320 crevit
1564 2289 1599 2320 in
1621 2287 1776 2330 partibus
1800 2287 2021 2326 Lombardie,
2047 2293 2080 2319 et
2107 2287 2142 2318 in

385 2421 409 2445 3.
428 2413 533 2438 Eodem
558 2412 703 2437 millesimo
723 2413 750 2436 et
776 2409 879 2442 mense]
901 2411 934 2434 de
960 2417 1053 2434 mense
1078 2410 1158 2435 Mna.
1177 2422 1188 2428 -
1209 2409 1373 2441 comitatus]
1397 2409 1609 2433 communitatis
1634 2409 1713 2433 Mmz.
1734 2421 1766 2426 -—
1795 2415 1836 2433 12.
1855 2407 2065 2440 Commasinus]
2087 2408 2142 2432 To-

296 2457 421 2480 masinus
445 2455 524 2479 Mun.
544 2469 576 2472 —
599 2462 639 2486 14.
658 2453 738 2486 dicti]
759 2453 868 2477 domini
887 2453 912 2476 B
931 2453 1009 2477 Mun.
1025 2466 1056 2469 —
1074 2457 1113 2483 17.
1127 2450 1245 2483 Gentes]
1265 2458 1333 2483 gens
1353 2451 1378 2474 B
1397 2452 1476 2475 Mun.
1495 2463 1506 2468 -
1525 2449 1690 2482 existentes]
1709 2451 1832 2474 existens
1851 2450 1929 2474 MUR.
1944 2464 1976 2468 —
1999 2450 2038 2474 18.
2051 2448 2140 2481 curia]

295 2506 363 2522 arva
381 2499 406 2521 B
425 2498 502 2522 MUR.
518 2510 549 2514 ——
571 2504 612 2528 23.
626 2497 758 2520 dominus
776 2503 824 2520 om.
844 2496 869 2518 B
888 2496 965 2520 MUR.
982 2508 1012 2511 —
1029 2495 1070 2519 28.
1090 2493 1267 2525 resisterunt]
1288 2493 1450 2518 restiterunt
1469 2493 1547 2517 Mun.
1568 2506 1600 2510 —
1620 2498 1663 2523 35.
1683 2490 1841 2522 millesimo]
1861 2499 1937 2516 anno
1957 2491 2036 2516 Mun.

386 2587 393 2603 ¹
415 2588 564 2612 Beltrando
586 2588 628 2611 dal
648 2588 784 2618 Poggetto
804 2585 829 2618 (5
851 2585 996 2615 febbraio).
1247 2585 1363 2608 zionarlo
1385 2583 1675 2616 Topogrqftco-Storico,
1694 2582 1729 2612 II,
1750 2588 1798 2613 232
1819 2589 1833 2605 e
1863 2582 1977 2605 Cronaca
2002 2582 2045 2604 dei
2068 2581 2146 2612 Figli

384 2629 395 2644 ²
416 2629 461 2654 Cf.
482 2630 611 2657 GEROLA,
632 2629 754 2652 Lodovz'co
773 2629 795 2651 il
813 2629 915 2651 Bavaro
935 2636 950 2651 a
972 2627 1066 2660 Trertto
1086 2628 1117 2651 in
1136 2627 1192 2650 An-
1248 2627 1278 2649 di
1294 2625 1436 2656 Allanfredo
1456 2634 1468 2648 ε·
1481 2625 1550 2648 della
1573 2625 1646 2648 Corte
1666 2625 1694 2647 ds
1717 2624 1880 2653 Quamntola
1899 2624 1928 2647 iu
1948 2623 2073 2646 stl'emorie
2087 2623 2143 2646 Sto—

296 2680 374 2696 nuar.
393 2673 461 2696 stud.
482 2675 571 2698 trena,
593 2671 639 2699 111,
660 2678 673 2694 e
694 2670 723 2693 L'
735 2671 822 2693 itiner.
844 2670 874 2692 di
895 2669 1017 2693 Lodovico
1043 2669 1066 2691 il
1089 2669 1192 2692 Bavaro
1249 2668 1319 2691 riche
1339 2668 1407 2691 della
1426 2667 1489 2691 cz'ttcz
1509 2674 1521 2689 e
1541 2667 1692 2689 ‹tell'antz‘co
1710 2666 1811 2689 Ducato
1826 2665 1895 2688 della
1908 2664 2074 2692 Mirandola,
2089 2665 2143 2688 Mi-

296 2715 324 2738 in
342 2715 508 2742 Tridentum,
528 2714 548 2743 1,
572 2720 592 2737 1.
1127 2716 1131 2721 ¹
1249 2709 1365 2733 randola
1388 2710 1462 2740 1872,
1483 2709 1537 2733 vol.
1556 2709 1576 2733 I.

384 2754 395 2770 3
415 2755 590 2784 Quarantola
610 2755 807 2779 antichissima
827 2753 892 2778 villa
910 2760 1005 2784 presso
1026 2752 1193 2777 Mirandola.
1339 2750 1350 2766 ‘¹
1371 2752 1464 2777 Guido
1492 2751 1600 2775 Tarlati
1631 2750 1766 2774 d’Arezzo
1799 2756 1917 2773 vescovo
1945 2749 2142 2777 scomunicato,

298 2798 353 2822 Ora
372 2796 386 2821 ὲ
405 2805 459 2821 una
485 2798 615 2830 semplice
640 2796 705 2820 villa
729 2804 781 2820 con
809 2796 909 2820 Chiesa
936 2796 1065 2824 Pievana,
1092 2801 1136 2818 ma
1156 2802 1193 2818 un
1249 2794 1342 2824 Genus,
1361 2797 1400 2825 op.
1420 2795 1475 2821 cit„
1496 2801 1522 2825 p.
1543 2797 1601 2825 749.

297 2840 394 2869 tempo
413 2846 499 2862 aveva
518 2839 537 2862 il
556 2839 638 2863 titolo
658 2838 688 2862 di
708 2839 794 2863 Corte
813 2846 829 2861 o
848 2836 933 2861 Curia
953 2844 967 2860 e
986 2836 1016 2860 fu
1042 2837 1113 2860 culla
1138 2837 1193 2860 del·
1336 2834 1346 2850 5
1365 2842 1396 2867 31
1419 2836 1540 2867 maggiO.

296 2881 409 2904 l’antica
429 2888 443 2904 e
461 2879 568 2904 famosa
587 2879 711 2911 tamiglia
737 2880 782 2904 dei
806 2878 878 2912 Figli
898 2878 927 2902 di
953 2878 1102 2902 Manfredo
1121 2878 1193 2902 dalla
1338 2876 1348 2892 ὃ
1369 2877 1548 2908 Margherita.

299 2922 379 2953 quale
400 2922 535 2946 discesero
556 2923 566 2946 i
585 2922 637 2946 Pio
657 2923 668 2946 i
686 2922 755 2946 Pico
779 2929 830 2946 ecc.
868 2921 914 2947 Cf.
935 2922 1123 2950 TmABoscm,
1141 2921 1193 2944 Di·

2169 861 2206 890 10

2169 1125 2204 1155 15

2165 1389 2206 1419 20

2165 1652 2205 1682 25

2165 2179 2206 2212 35

2175 2670 2203 2695 15

2173 2880 2206 2898 20
