2297 3476
120 1094 153 1113 Mt
164 1100 195 1116 n..

209 1094 246 1113 sis

168 1522 187 1536 c.
204 1516 251 1536 ‹52r

274 2751 304 2767 10

1997 165 2048 199 [A.
2070 167 2163 199 1:307]

325 162 345 196 ὁ
352 163 372 196 ὁ
957 158 1271 194 CHRONICON
1297 157 1528 193 ESTENSE

320 297 437 323 morte.
476 291 520 322 Et
544 290 673 321 dictum
691 294 870 320 tractatum
888 288 1064 320 faciebant
1082 297 1160 318 cum
1177 287 1323 319 dominis
1340 287 1483 318 Mantue
1508 293 1542 318 et
1565 287 1704 319 Verone
1728 294 1762 320 et
1778 289 1853 320 aliis
1868 289 2018 321 inimicis
2034 289 2162 321 domini

321 343 534 375 Marchionis
557 348 591 374 et
616 341 770 373 comunis
794 342 823 373 F
825 341 962 372 errarie.

409 396 541 427 Eodem
564 395 756 433 millesimo,
781 394 836 426 die
862 403 980 432 xvnn,
1006 393 1130 425 mensis
1146 394 1289 436 augusti.
1323 393 1410 424 Cum
1433 392 1662 436 Bryssyenses
1686 400 1798 425 essent
1821 395 1933 427 adhuc
1961 395 2005 427 ad
2021 395 2165 427 Pontem

321 450 448 492 vigum,
472 448 629 480 dominus
652 447 847 485 Bofflxella,
872 447 931 489 qui
957 452 1040 478 tunc
1065 452 1137 477 erat
1155 446 1314 478 dominus
1330 446 1483 484 Mantue,
1508 456 1587 477 cum
1610 446 1679 477 suis
1702 447 1898 478 Mantuanis
1922 454 1956 479 et
1983 449 2162 480 Veronen-

323 502 426 540 sibus,
445 511 521 532 cum
538 507 609 532 toto
625 510 724 542 posse
741 500 884 532 recessit
899 498 943 530 de
961 499 1099 531 civitate
1122 499 1277 536 Mantue,
1303 504 1337 530 et
1361 499 1424 530 ivit
1448 499 1483 529 in
1509 499 1712 540 episcopatu
1728 499 1912 537 Cremone:
1936 507 1970 532 et
1997 501 2052 533 die
2076 511 2166 533 mer-

324 555 409 586 curii
424 556 432 572 ¹
456 553 627 597 sequentis
652 553 808 585 dominus
833 552 1020 585 Ghibertus
1045 553 1087 584 de
1112 552 1253 594 Corigia
1277 562 1354 583 cum
1379 551 1501 583 militia
1525 557 1559 583 et
1582 558 1680 594 parte
1713 552 1833 594 populi
1855 553 1978 585 Parme
2002 555 2168 596 equitavit

323 608 511 639 Bersellum
526 607 547 638 ⁴².
571 606 691 638 Dictus
708 606 865 638 dominus
881 605 1067 637 Bottixella
1084 615 1161 637 cum
1178 604 1306 636 navilio
1323 615 1384 636 suo
1401 604 1495 636 venit
1516 611 1550 636 et
1575 605 1668 647 cepit
1692 605 1979 638 Montemxoriam
1992 606 2015 645 3,
2028 614 2167 648 pontem

323 661 366 692 de
388 660 536 696 Doxulo‚
553 664 702 691 castrum
718 658 844 690 Doxuli
855 657 878 697 ⁴,
895 658 1065 700 Lucaram
1079 657 1100 696 5,
1116 657 1307 689 Portiolum
1320 656 1342 696 ⁶,
1361 657 1576 700 Vidayanam
1591 657 1612 689 ⁷.
1659 657 1785 690 Postea
1801 657 2005 691 Parmenses
2022 666 2056 691 et
2072 660 2168 691 navi-

321 713 415 756 gium
431 713 570 744 Mantue
587 712 722 743 iverunt
737 722 840 753 super
856 711 989 743 Padum
1005 721 1114 753 usque
1131 709 1175 742 ad
1191 709 1422 742 Torrixenam
1437 709 1448 728 8
1464 716 1499 742 et
1515 710 1777 742 comburserunt
1792 711 1954 743 Caxalem
1972 713 2135 755 majorem
2145 712 2168 751 ⁹,

321 764 603 809 Cegognaram¹⁰,
617 765 861 797 Sablonectam
871 763 903 802 ¹¹,
920 763 1178 800 Tollarolum12‚
1196 763 1410 806 Ragacolam
1425 769 1458 795 et
1470 773 1588 795 omnes
1604 763 1834 801 molendinos,
1849 765 1906 806 qui
1919 770 2015 796 erant
2027 765 2060 796 in
2071 765 2168 798 Pado

322 829 429 860 prope
454 818 629 850 civitatem
652 816 697 849 ad
720 827 758 848 VI
783 817 939 855 miliaria,
964 816 1096 848 scilicet
1128 817 1321 853 Cremone;
1346 822 1379 848 et
1403 816 1516 848 omnia
1540 817 1681 848 fuerunt
1712 816 1826 848 ablata
1858 816 1933 849 sibi.
1975 818 2169 857 Mantuani,

322 872 541 903 Veronenses
562 871 771 902 transierunt
787 870 831 902 ad
847 875 987 912 pontem
1011 869 1192 907 Mai-carie,
1211 875 1246 901 et
1268 869 1401 900 iverunt
1425 880 1488 910 per
1504 869 1664 900 riveriam
1681 869 1781 913 Oley,
1799 875 1832 901 et
1854 870 2046 903 habuerunt
2062 871 2171 903 Sanc-

324 930 393 955 tum
409 923 595 955 Martinum
609 921 632 940 ¹³
649 934 711 964 per
727 922 798 954 vim
811 929 844 954 et
860 922 969 964 ipsum
986 922 1266 963 explanaverunt.
1299 922 1433 953 Deinde
1450 928 1667 953 recesserunt
1691 928 1724 953 et
1745 922 1882 954 iverunt
1895 924 1940 955 ad
1955 923 2120 955 Planeam
2135 921 2168 962 ¹⁴,

325 983 358 1008 et
381 988 445 1018 per
467 977 534 1007 vim
559 981 779 1017 acceperunt,
803 975 862 1007 ubi
878 975 975 1007 multi
1000 975 1127 1007 mortui
1151 975 1293 1006 fuerunt
1317 975 1361 1006 de
1391 974 1556 1006 ambabus
1579 975 1737 1016 partibus
1760 981 1793 1007 et
1817 975 1928 1017 ipsam
1953 976 2173 1008 destruerunt

323 1031 359 1061 in
383 1035 501 1061 totum.
549 1029 674 1060 Postea
698 1029 940 1071 equitaverunt
964 1040 1028 1070 per
1050 1034 1179 1059 terram
1204 1034 1238 1060 et
1260 1039 1323 1070 per
1339 1038 1462 1070 aquam
1481 1029 1575 1060 circa
1599 1029 1667 1060 duo
1692 1028 1839 1060 miliaria
1860 1039 1972 1071 prope
1996 1029 2170 1061 civitatem

325 1082 506 1120 Cremone,
542 1081 760 1114 derobando'
795 1087 829 1113 et
864 1081 1120 1120 comburendo,
1151 1081 1336 1118 ocidendo,
1372 1081 1542 1122 capiendo
1574 1081 1730 1113 homines
1761 1087 1795 1113 et
1826 1081 1964 1121 bestias,
1998 1082 2045 1113 ita
2076 1083 2171 1124 quod

323 1147 343 1167 a
366 1146 496 1166 summo
520 1145 627 1177 usque
653 1135 811 1166 deorsum
836 1135 881 1166 ad
907 1135 1059 1165 confines
1082 1134 1227 1166 Mantue
1260 1133 1351 1165 inter
1378 1133 1510 1166 Padum
1544 1140 1577 1165 et
1609 1134 1743 1172 Oleum,
1777 1134 1892 1165 omnia
1920 1135 2173 1167 derobaverunt

325 1194 359 1220 et
383 1189 635 1226 destruxerunt,
659 1188 706 1219 ita
723 1188 817 1230 quod
835 1187 986 1229 dapnum
1002 1187 1070 1218 fuit
1094 1186 1332 1218 inextimabile
1356 1193 1389 1218 et
1413 1187 1560 1218 maxime
1587 1187 1737 1228 dapnum
1762 1187 1980 1219 dominorum
2005 1187 2174 1219 Cavalca·

325 1241 463 1278 bobum,
488 1241 582 1282 quod
605 1241 804 1272 extimatum
828 1240 893 1271 fuit
917 1240 1011 1272 circa
1034 1243 1077 1272 1.m
1102 1239 1266 1271 librarum
1290 1240 1531 1281 imperialium,
1549 1240 1630 1281 quia
1646 1240 1808 1271 continue
1825 1240 1976 1282 dapnum
2002 1241 2172 1272 dederunt

324 1304 386 1336 per
410 1304 492 1325 vnn
518 1293 602 1324 dies.

323 1347 380 1379 alii
403 1347 546 1379 remeati
570 1353 646 1378 sunt
671 1347 715 1378 ad
738 1346 883 1388 patrias;
909 1352 942 1377 et
960 1346 1133 1390 navigium
1152 1346 1282 1378 domini
1306 1346 1488 1378 Botticelle
1514 1346 1722 1378 conductum
1747 1347 1814 1379 fuit
1837 1347 1883 1379 ad
1906 1352 2047 1388 pontem
2071 1346 2173 1379 Sera-

322 1400 421 1432 vallis
435 1400 458 1418 ¹³
482 1410 558 1431 cum
583 1399 696 1430 multis
720 1399 861 1438 divitiis,
887 1409 971 1441 quas
995 1399 1249 1431 derobaverant
1271 1405 1336 1430 etc.

413 1454 548 1485 Eodem
571 1452 763 1490 millesimo,
787 1453 831 1484 de
855 1462 973 1484 mense
998 1452 1214 1494 septembris.
1261 1452 1347 1484 Cum
1371 1452 1510 1483 illustris
1537 1459 1570 1484 et
1594 1453 1796 1496 magnificus
1824 1453 1982 1485 dominus
2014 1454 2174 1486 dominus

326 1505 439 1549 Acco'
462 1505 617 1537 marchio
650 1505 794 1537 estensis
827 1510 892 1537 etc.
924 1505 1030 1536 vellet
1061 1505 1224 1546 accipere
1254 1505 1289 1536 in
1319 1515 1355 1536 se
1389 1505 1577 1543 Seravalle,
1608 1506 1712 1537 talem
1746 1506 1844 1538 dedit
1876 1506 2041 1538 ordinem.
2087 1505 2173 1538 Cum

324 1559 435 1590 dictus
459 1557 618 1589 Marchio
642 1568 763 1599 pacem
788 1557 928 1589 fecisset
952 1568 1029 1589 cum
1053 1557 1339 1596 Bononiensibus,
1362 1557 1456 1599 ipsos
1480 1558 1657 1600 requisivit
1681 1558 1912 1590 amicabiliter
1941 1559 1986 1590 de
2009 1558 2174 1596 subsidio,
2223 1558 2235 1565 ”

325 1618 359 1643 et
382 1612 476 1653 quod
499 1610 565 1642 sibi
589 1621 769 1641 sucurrere
794 1609 962 1641 deberent
984 1616 1130 1651 propter
1153 1610 1255 1641 istum
1281 1620 1396 1641 casum
1421 1611 1464 1641 de
1490 1610 1696 1652 quibusdam
1720 1611 1896 1643 militibus.
1942 1612 2044 1643 Tunc
2060 1611 2176 1642 Bono-

324 1664 459 1695 nienses
482 1663 648 1695 miserunt
672 1662 705 1694 ei
730 1663 907 1694 dominum
930 1663 1077 1705 Degum,
1103 1663 1275 1697 dominum
1300 1663 1517 1694 Dalmaxium
1545 1669 1578 1695 et
1608 1663 1732 1695 multos
1756 1664 1853 1702 alios,
1878 1665 1935 1706 qui
1962 1670 2044 1696 tunc
2077 1669 2175 1695 erant

324 1718 370 1748 ad
393 1716 571 1748 servitium
594 1716 748 1747 comum's
771 1715 937 1753 Bononie,
962 1716 1056 1746 circa
1079 1719 1144 1746 vn⁰
1168 1715 1293 1747 milites
1316 1715 1501 1747 Catelanos
1524 1722 1673 1748 armatos
1701 1717 1901 1749 honorifice.
1947 1717 2090 1749 Interim
2113 1716 2176 1748 do-

327 1771 438 1801 minus
461 1769 621 1801 Marchio
644 1769 731 1801 fecit
755 1769 935 1810 preparari
958 1775 1079 1811 gentes
1110 1779 1187 1800 suas
1220 1775 1254 1800 et
1285 1769 1451 1810 populum
1483 1775 1517 1801 et
1547 1770 1724 1812 navigium
1755 1771 1791 1801 in
1823 1781 1949 1813 magna
1976 1771 2176 1813 quantitate,

324 1829 358 1854 et
382 1833 460 1854 cum
485 1822 587 1853 dictis
611 1821 788 1854 Catelanis
812 1827 846 1853 et
870 1822 940 1853 suis
964 1821 1177 1863 equestribus
1209 1828 1242 1854 et
1271 1821 1444 1863 peditibus
1475 1829 1692 1854 recesserunt
1716 1823 1760 1855 de
1783 1822 1946 1855 Ferraria
1968 1829 2002 1855 et
2032 1833 2177 1865 perexe-

325 1881 403 1907 runt
426 1876 471 1906 ad
495 1875 613 1907 turrim
637 1875 798 1906 Pollicini
823 1874 989 1916 FigarolL
1008 1881 1041 1906 et
1066 1874 1113 1906 ibi
1137 1885 1215 1906 cum
1239 1881 1309 1906 toto
1334 1875 1488 1907 exercitu
1511 1886 1547 1906 se
1571 1876 1729 1913 firmavit,
1753 1876 1892 1908 fulcitus
1916 1876 2074 1908 omnibus
2095 1886 2178 1908 nec-

330 1929 496 1961 cessariis.
543 1929 643 1960 Tunc
668 1928 824 1959 domiuus
846 1928 1009 1959 Marchio
1035 1928 1164 1959 cridari
1187 1928 1272 1959 fecit
1295 1938 1357 1970 per
1381 1934 1488 1960 totum
1514 1928 1715 1967 exercitum,
1740 1930 1834 1971 quod
1858 1940 1977 1961 omnes
2003 1929 2178 1971 preparati

329 1988 450 2019 essent,
473 1988 511 2013 ut
534 1981 682 2012 viriliter
705 1987 825 2012 contra
848 1980 1004 2012 inimicos
1035 1981 1246 2012 accederent
1269 1981 1403 2013 scilicet
1425 1982 1470 2012 ad
1497 1981 1664 2013 Ostiliam.
1711 1983 1811 2014 Tunc
1836 1982 1942 2014 exivit
1973 1983 2110 2025 sanguis
2135 1983 2178 2014 de

326 2034 466 2066 naribus
484 2034 624 2066 domino
642 2034 838 2065 Marchioni
855 2034 891 2064 in
908 2034 1098 2076 quantitate
1115 2044 1192 2065 cum
1208 2034 1342 2077 magnis
1359 2034 1536 2066 doloribus
1553 2034 1588 2065 in
1605 2040 1734 2067 ventre.
1758 2035 1790 2066 T
1792 2046 1860 2067 unc
1877 2035 2036 2067 dominus
2048 2036 2177 2078 DeguS‚

326 2088 383 2129 qui
407 2087 636 2119 marescalcus
661 2092 694 2118 et
717 2087 915 2128 capitaneus
932 2086 1102 2128 generalis
1127 2093 1199 2118 erat
1223 2087 1371 2118 omnium
1388 2087 1642 2126 Catelanorum‚
1660 2088 1723 2119 ivit
1747 2089 1792 2119 ad
1809 2088 1985 2119 dominum
2001 2088 2175 2120 Marchio-

328 2151 417 2177 nem,
443 2140 475 2172 ei
499 2140 617 2172 dicens
641 2140 676 2170 in
700 2145 854 2181 tempore
880 2138 992 2171 medie
1018 2140 1150 2171 noctis:
1174 2139 1320 2171 Domine:
1351 2144 1472 2181 noster,
1504 2141 1628 2183 parati
1656 2151 1766 2172 sumus
1789 2141 1941 2183 equitare
1964 2142 2011 2172 ad
2030 2145 2175 2172 vestrum

326 2194 586 2236 beneplacitn712;
608 2193 728 2224 scimus
752 2193 849 2233 enim,
867 2193 957 2234 quod
970 2195 1117 2235 persona
1134 2197 1248 2224 vestra
1263 2204 1327 2224 non
1344 2193 1540 2224 convalescit
1548 2205 1559 2234 ;
1583 2194 1657 2224 ideo
1681 2204 1847 2236 rogamus
1863 2194 1953 2236 quod
1965 2194 2020 2225 laic
2041 2194 2176 2237 placeat

414 2331 437 2355 7.
458 2324 622 2356 Bersellum]
642 2324 762 2348 borsello
783 2325 806 2347 Α
826 2337 836 2342 -
857 2323 1108 2356 Montemxoriam]
1131 2325 1347 2349 Montexoniam
1368 2326 1465 2355 Mun.;
1486 2327 1710 2351 Montemxonim
1729 2327 1755 2349 B
1774 2340 1806 2345 ·—
1827 2328 1851 2352 S.
1870 2328 2033 2352 Pontiolum
2052 2328 2078 2350 B
2096 2327 2173 2352 Mun.

327 2381 338 2385 -
357 2367 513 2391 Viadanam
532 2366 610 2391 Mun.
638 2380 669 2383 —
697 2372 738 2390 12.
763 2366 900 2390 Marcarie
918 2367 943 2389 B
962 2365 1038 2390 Mun.
1066 2380 1099 2384 —-
1122 2374 1160 2398 14·
1181 2367 1316 2391 ambobus
1335 2366 1360 2391 A
1381 2380 1392 2385 -
1410 2368 1592 2392 destruerunt
1608 2368 1633 2392 A
1653 2382 1686 2386 —
1707 2375 1748 2392 22.
1775 2369 1983 2394 derobaverunt
2001 2369 2027 2392 B
2045 2368 2123 2394 Mun.
2141 2383 2174 2386 —

326 2416 367 2440 30.
384 2410 474 2439 prima
493 2409 524 2431 di
541 2408 600 2432 suis
618 2408 696 2433 Mna.
717 2416 776 2440 agg.
797 2415 857 2432 cum
878 2422 910 2426 --
929 2412 971 2439 35.
992 2408 1027 2432 ad
1047 2408 1142 2439 MUR.;
1161 2416 1210 2433 om.
1229 2409 1253 2432 A

419 2492 427 2507 ¹
449 2499 480 2524 23
499 2494 609 2524 agosto,
629 2492 728 2523 vigilia
746 2492 775 2516 di
793 2499 843 2516 san
864 2492 1050 2516 Bartolomeo.

420 2533 429 2549 2
449 2534 586 2558 Brescello
605 2541 620 2558 a
642 2541 671 2557 12
692 2534 739 2557 kil.
760 2534 793 2558 O.
813 2534 849 2558 da
868 2533 1020 2559 Guastaua.

418 2575 429 2591 3
448 2578 625 2601 Montessoro
645 2577 702 2600 alla
720 2577 814 2601 destra
834 2576 989 2609 dell’Oglio
1015 2583 1113 2609 presso
1138 2577 1158 2601 il
1176 2584 1225 2601 suo

1281 2501 1364 2518 mune
1383 2496 1466 2525 posta
1485 2494 1625 2519 dall'altra
1645 2497 1725 2528 parte
1738 2495 1781 2519 del
1799 2496 1839 2519 Po
1858 2495 1993 2519 chiamasi
2014 2494 2176 2519 Torricella.

1368 2534 1379 2550 ⁹
1399 2536 1627 2569 Casalmaggiore
1645 2544 1662 2560 a
1681 2543 1713 2567 39
1732 2537 1780 2561 kil.
1799 2537 1898 2562 E-S-E.
1919 2537 1954 2560 da
1973 2536 2123 2561 Cremona.

1357 2575 1379 2593 ¹⁰
1399 2578 1559 2611 Cigognara
1579 2578 1704 2603 frazione
1723 2578 1766 2603 del
1783 2585 1902 2602 comune
1920 2578 1950 2601 di
1969 2577 2105 2602 Viadana.

650 1294 695 1325 Et
711 1293 778 1325 hoc
803 1293 908 1330 facto,
935 1293 1049 1324 dictus
1066 1293 1223 1324 dominus
1239 1293 1412 1325 Botixella
1435 1293 1576 1325 recessit
1601 1299 1635 1325 et
1658 1293 1721 1324 ivit
1743 1293 1934 1332 Mantuam,
1960 1300 1994 1325 et
2017 1293 2174 1325 similiter
2197 1300 2202 1304 ’

330 2619 485 2643 confluente
504 2619 549 2643 nel
568 2619 619 2643 Po.

419 2660 428 2676 ⁴
447 2661 561 2691 Dosolo,
579 2661 668 2692 borgo
687 2660 758 2684 della
771 2661 922 2694 provincia
941 2661 970 2685 di
989 2661 1128 2686 Mantova
1143 2662 1178 2686 ad
1196 2669 1222 2685 11

330 2703 376 2727 kil.
396 2704 426 2727 E.
447 2704 482 2727 da
500 2703 637 2728 Viadana.

419 2745 430 2762 ⁵
450 2747 573 2772 Luzzara
592 2755 609 2772 a
628 2753 641 2778 5
663 2747 708 2772 kil.
727 2748 837 2772 N-N-E.
856 2748 892 2772 da
912 2747 1067 2772 Guastalla.

420 2787 431 2803 ὃ
444 2789 580 2819 Portiolo,
593 2788 718 2813 frazione
731 2789 774 2814 del
787 2796 905 2813 comune
918 2790 948 2814 di
967 2797 1017 2814 san
1031 2790 1227 2814 Benedettolo.

420 2829 431 2845 ⁷
452 2830 580 2855 Viadana
600 2838 615 2854 a
635 2837 666 2862 33
685 2831 733 2855 kil.
752 2831 819 2856 S-O.
838 2831 874 2855 da
892 2831 1038 2855 Mantova.

419 2870 430 2886 S
450 2871 606 2896 Torricella
619 2872 662 2896 del
675 2872 757 2896 Pizzo
770 2873 806 2896 ad
831 2879 839 2895 1
850 2879 859 2896 1
882 2872 932 2896 kil.
945 2871 981 2896 da
998 2871 1227 2904 Casalmaggiore

332 2913 400 2938 sulla
418 2914 534 2938 sinistra
547 2913 588 2937 del
602 2914 650 2937 Po.
688 2913 787 2938 Anche
800 2920 856 2937 una
874 2912 1002 2937 {razione
1021 2912 1049 2936 di
1063 2914 1162 2945 questo
1177 2921 1225 2937 co-

1358 2618 1375 2635 ¹¹
1396 2620 1575 2650 Sabbioneta,
1594 2621 1684 2652 borgo
1705 2620 1775 2644 della
1793 2620 1942 2652 provincia
1963 2620 1993 2644 di
2012 2619 2147 2644 Mantova
2160 2626 2176 2643 a

1280 2670 1297 2694 9
1316 2663 1363 2687 kil.
1382 2662 1496 2687 N-N-O.
1515 2662 1550 2687 da
1567 2662 1708 2686 Viadana.

1359 2703 1381 2719 ¹2
1401 2704 1531 2728 Tolarolo
1556 2704 1683 2728 frazione
1708 2703 1751 2727 del
1777 2710 1894 2727 comune
1921 2703 1950 2727 di
1974 2703 2174 2732 Roccabianca,

1281 2747 1432 2778 provincia
1451 2747 1481 2771 di
1499 2747 1609 2771 Parma.

1358 2786 1380 2803 ¹³
1399 2788 1454 2813 San
1474 2788 1601 2813 Max-tino
1620 2787 1792 2820 dell’Argine
1811 2788 1900 2820 borgo
1919 2794 1936 2811 a
1955 2794 1969 2819 3
1990 2787 2038 2812 kil.
2056 2787 2154 2812 E-S—E.

1359 2828 1382 2844 ¹⁴
1400 2830 1526 2854 Piadena
1539 2837 1555 2854 a
1572 2836 1601 2861 13
1616 2829 1663 2853 kil.
1677 2829 1794 2854 N-N-O.
1809 2829 1844 2853 da
1859 2828 2087 2861 Casalmaggiore
2101 2835 2176 2860 pres-

1281 2879 1312 2896 so
1331 2872 1358 2895 la
1378 2873 1439 2895 riva
1460 2871 1551 2895 desti-a
1570 2870 1731 2903 dell'Oglio.

1358 2910 1381 2928 ¹5
1401 2912 1558 2937 Serravalle
1578 2919 1594 2936 a
1611 2912 1652 2937 Po
1672 2919 1688 2936 a
1708 2918 1721 2942 5
1742 2912 1788 2936 kil.
1809 2912 1842 2937 O.
1862 2912 1897 2936 da
1916 2912 2048 2943 Ostiglia.

2198 767 2234 796 10

2200 1029 2236 1060 15

2205 2708 2238 2725 20
