2307 3592
111 255 193 290 [AA-
214 257 409 290 1248-1250]
740 250 1052 287 CHRONICON
1078 249 1309 286 ESTENSE
1898 250 1943 284 21

112 385 298 421 potentem.
344 378 448 410 Cuius
470 379 644 421 preceptis
666 379 822 421 protinus
854 380 1092 422 obsequentes,
1125 381 1292 424 eligerunt
1320 382 1476 413 comitem
1500 381 1729 413 Guillielmum
1755 380 1798 412 de
1822 379 1952 411 Holan-

111 428 190 461 dia¹
214 429 249 460 in
273 437 392 471 regem
416 435 450 461 et
479 429 631 461 futurum
661 429 912 471 imperatorem,
943 430 1052 463 virum
1083 431 1199 473 utique
1223 431 1368 473 probum
1400 437 1433 463 et
1463 431 1635 464 exercitiis
1666 430 1866 462 militaribus
1893 429 1954 461 de-

113 486 275 512 coratum.

888 539 1142 572 MCCXLVIII
1143 540 1174 582 J.

71 606 87 638 5
199 607 397 639 Ludovicus
419 617 482 639 rex
505 608 716 640 Francorum
741 618 843 640 cruce
874 609 1023 651 signatus
1054 619 1147 640 mare
1171 609 1325 641 transivit
1349 609 1382 640 in
1410 609 1595 641 subsidium
1627 609 1735 642 Terre
1767 615 1894 646 sancte,
1919 613 1953 640 et
2029 623 2047 637 c.
2063 621 2114 641 ur

113 668 190 689 cum
213 668 338 701 magno
363 657 512 690 exercitu
535 664 569 689 et
591 658 723 689 infinita
747 658 882 690 navium
907 658 1120 691 multitudine
1144 659 1282 691 intravit
1300 665 1424 691 terram
1441 660 1590 702 Egypty.
1637 659 1743 691 Cuius
1756 659 1955 691 fortitudine

111 708 283 750 perterriti
307 708 449 752 Egyptii
473 708 674 746 Damiatam,
700 718 765 751 que
790 709 823 740 in
847 709 1024 751 prophetis
1047 709 1220 753 Menphys
1243 716 1396 748 vocatur,
1428 710 1584 751 protinus
1615 710 1825 752 reliquerunt
1849 715 1882 741 et
1913 719 1955 740 ex

112 758 173 790 tali
196 757 300 790 modo
324 769 399 790 eam
422 758 541 791 habuit
565 758 638 790 sine
661 758 777 801 gladio
803 766 837 792 et
865 766 1019 803 sagypta.

198 809 334 841 Eodem
357 809 551 847 millesimo,
575 809 610 840 in
632 809 803 851 principio
828 810 919 847 iunii,
944 809 1127 842 bellicosus
1143 820 1204 842 rex
1227 810 1351 842 Entius
1367 810 1453 842 filius
1477 811 1635 842 Federici
1653 816 1771 852 captus
1787 816 1837 842 est
1854 821 1874 842 a
1889 810 1958 842 Bo—

51 864 88 894 10
112 862 334 894 noniensibus
371 872 448 893 cum
482 862 604 894 militia
636 862 786 903 copiosa.
834 861 1056 904 Quapropter
1086 863 1322 896 Bononienses
1356 869 1432 895 sunt
1466 873 1573 905 usque
1604 864 1648 895 ad
1680 863 1791 895 sidera
1823 863 1956 895 elevati.

111 913 213 947 Unde
237 914 451 948 MutInenses
474 915 677 947 necessitate
703 916 869 957 compulsi
894 926 930 947 se
954 916 1221 948 Bononiensium
1241 916 1390 948 dominio
1415 915 1649 949 subdiderunt.

199 966 240 997 In
262 965 334 997 istis
358 965 488 1004 diebus,
511 972 579 997 tres
602 965 664 996 filii
679 965 796 997 Iacobi
820 965 864 998 de
887 966 1128 998 Dalesmanino
1142 966 1153 982 ²
1177 973 1254 998 sunt
1270 966 1312 998 ab
1329 967 1486 998 Eeellino
1509 967 1610 999 variis
1634 968 1808 1000 tormentis
1826 967 1957 1005 afflicti;

113 1016 252 1048 tandem
274 1016 366 1048 iussu
390 1016 494 1058 ipsius
517 1016 552 1047 in
575 1016 689 1057 platea
710 1016 830 1048 Padue
854 1023 932 1048 sunt
955 1017 1138 1049 crudeliter
1163 1018 1316 1049 cruciati.

201 1067 335 1098 Eodem
359 1077 462 1105 anno,
493 1065 679 1098 Federicus
708 1066 862 1098 ca'strum
892 1067 1024 1100 Montis
1052 1067 1157 1099 silicis
1189 1069 1283 1100 circa
1313 1068 1438 1100 festum
1470 1069 1579 1101 sancti
1610 1069 1771 1101 Iohannis
1802 1069 1952 1111 Baptiste
2030 1079 2107 1102 Mun..
2127 1078 2165 1097 :313

53 1117 89 1149 15
115 1117 256 1149 tradidit
278 1117 448 1149 Ecellino.

199 1168 343 1199 Decimo
367 1178 449 1200 vero
474 1168 530 1200 die
554 1174 700 1200 exeunte
725 1168 926 1210 septembris
949 1169 1084 1212 Burgus
1107 1169 1248 1201 estensis
1271 1170 1414 1201 traditus
1430 1170 1495 1202 fuit
1518 1171 1673 1202 Ecellino
1689 1182 1752 1212 per
1775 1171 1957 1213 quemdam

112 1220 314 1253 sceleratum
329 1221 439 1252 virum
452 1220 659 1252 Vitalianum
676 1221 813 1253 nomine
831 1222 876 1253 de
891 1221 1054 1253 Areolda.
1078 1221 1206 1253 Arcem
1225 1228 1335 1254 autem
1351 1228 1429 1264 post
1445 1232 1595 1254 mensem
1613 1223 1767 1262 obtinuit,
1782 1233 1856 1255 eam
1869 1223 1962 1264 prius

112 1283 189 1305 cum
214 1273 326 1305 multis
350 1272 517 1305 machinis
540 1273 783 1316 impugnando.
822 1273 980 1306 Tandem
997 1280 1139 1316 propter
1162 1274 1289 1306 famem
1308 1275 1420 1306 omnia
1444 1282 1555 1307 castra
1579 1275 1723 1308 obtinuit
1739 1275 1960 1307 Marchionis.

964 1376 1105 1408 MCCL.

48 1448 89 1478 20
200 1447 304 1480 Circa
326 1457 432 1489 pasca
454 1447 651 1479 Ludovicus
674 1458 736 1479 rex
764 1448 986 1486 Francorum,
1011 1458 1088 1479 cum
1111 1458 1228 1480 versus
1253 1447 1479 1481 Babilloniam
1495 1454 1708 1491 properaret,
1737 1460 1757 1481 a
1780 1449 1963 1481 Sarecenis

113 1510 189 1531 cum
213 1510 273 1532 suo
298 1500 450 1532 exercitu
475 1506 525 1532 est
549 1501 740 1540 conclusus,
765 1507 799 1533 et
823 1511 900 1532 cum
924 1511 1037 1543 neque
1060 1501 1253 1542 procedere
1278 1512 1343 1533 nec
1367 1502 1480 1534 redire
1504 1502 1644 1540 valeret,
1663 1503 1816 1534 Soldano
1833 1513 1869 1534 se
1885 1502 1965 1534 red-

113 1553 199 1585 didit
220 1553 419 1591 Babillonis‚
444 1553 591 1585 admisso
608 1553 704 1595 prius
721 1554 755 1585 in
772 1553 864 1586 bello
889 1553 1013 1585 comite
1037 1553 1194 1586 Roberto
1218 1555 1325 1586 fratre
1350 1565 1410 1586 suo
1435 1565 1512 1586 cum
1536 1556 1681 1587 maxima
1698 1555 1840 1588 milit-um
1856 1566 1965 1598 quan-

113 1605 207 1638 titate
221 1605 243 1638 3.
288 1606 368 1638 Rex
390 1606 504 1648 itaque
517 1616 581 1648 pro
594 1607 832 1649 redemptione
848 1617 909 1638 sua
920 1606 1112 1638 Damiatam
1128 1607 1255 1639 redidit
1271 1607 1462 1646 Saracenis,
1480 1608 1704 1650 dimissusque
1721 1608 1764 1640 ab
1789 1609 1838 1640 eis
1862 1608 1966 1640 rediit

112 1659 146 1689 in
171 1658 328 1702 Syryam‚
355 1665 387 1690 et
410 1658 634 1691 rehedificata
665 1659 807 1691 Cesaria
837 1659 1022 1698 palestine,
1053 1659 1090 1690 in
1121 1660 1303 1692 Franciam
1327 1667 1377 1692 est
1402 1671 1569 1699 reversus,
1595 1672 1671 1692 cum
1695 1661 1881 1703 ignominia
1905 1671 1964 1693 sue

48 1709 90 1740 25
114 1709 225 1752 gentis
249 1709 421 1751 totiusque
444 1709 564 1751 populi
587 1710 774 1742 christiani.
821 1710 984 1743 Saraceni
1013 1717 1134 1748 autem,
1160 1710 1417 1743 considerantes
1442 1718 1510 1744 tam
1534 1712 1698 1754 preterita
1721 1722 1822 1754 quam
1839 1713 1964 1749 futura,

112 1760 306 1792 Damiatam
334 1770 355 1790 a
384 1760 616 1792 fundamentis
646 1761 782 1802 penitus
815 1767 1020 1800 everterunt,
1045 1772 1089 1793 ne
1114 1761 1158 1794 de
1183 1768 1300 1793 cetero
1325 1769 1415 1794 esset
1446 1762 1583 1794 occasio
1614 1763 1814 1804 receptandi
1844 1763 1964 1804 prelia.

202 1813 242 1845 In
264 1813 332 1845 hiis
355 1813 566 1854 temporibus
589 1814 849 1852 Cremonenses,
866 1815 1017 1857 undique
1041 1815 1160 1846 amicis
1177 1815 1404 1859 congregatis,
1423 1816 1662 1858 equitaverunt
1680 1816 1715 1846 in
1732 1826 1834 1847 manu
1850 1816 1965 1847 valida

116 1873 235 1898 contra
258 1866 425 1898 Parmam.
473 1865 610 1904 Quibus
633 1866 836 1899 Parmenses
859 1868 996 1909 inpares
1019 1867 1147 1899 viribus
1163 1873 1197 1899 et
1212 1878 1354 1899 numero
1372 1879 1442 1900 non
1458 1869 1561 1911 longe
1578 1879 1597 1899 a
1613 1868 1765 1900 civitate'
1784 1869 1960 1900 audaciter
2035 1885 2054 1900 c.
2069 1883 2123 1902 ³4„

115 1920 265 1962 quidem,
297 1925 349 1951 set
379 1920 488 1951 minus
510 1920 656 1962 provide
689 1928 924 1953 occurrerunt.
971 1921 1030 1953 Set
1061 1922 1147 1953 sieut
1177 1921 1280 1964 vulgo
1312 1922 1399 1954 solet
1431 1922 1517 1954 dici:
1551 1922 1685 1954 Paucos
1716 1923 1849 1964 quidem
1877 1922 1968 1954 valet

49 1975 91 2006 30
118 1973 337 2016 Omnipotens
361 1974 535 2014 adiuvare,
558 1978 608 2004 set
621 1973 843 2017 frequentius
865 1975 1042 2006 multitudo
1066 1975 1200 2006 vincere
1223 1976 1399 2017 consuevit,
1424 1975 1627 2007 Parmenses
1651 1985 1735 2007 vero
1758 1986 1828 2007 non
1843 1982 1964 2018 potue-

114 2032 192 2058 runt
216 2037 236 2057 a
259 2026 399 2058 domino
423 2037 492 2058 non
517 2026 651 2058 adiuti4
674 2027 887 2060 inimicorum
912 2027 1075 2070 impetum
1100 2028 1304 2065 substinere3
1330 2034 1382 2060 set
1405 2038 1523 2060 versus
1545 2028 1703 2060 Parmam
1727 2028 1891 2061 velociter
1911 2029 1967 2060 fu-

115 2079 259 2122 gientes,
283 2079 495 2111 admiserunt
517 2079 662 2111 militum
687 2086 720 2112 et
742 2081 896 2122 peditum
920 2080 1020 2113 simul
1045 2092 1121 2113 cum
1146 2081 1282 2113 carocio
1307 2091 1376 2113 non
1399 2081 1573 2113 minimam
1605 2081 1827 2123 quantitatem
1840 2081 1863 2114 ⁵.

202 2132 335 2164 Eodem
359 2142 460 2170 anno,
483 2132 519 2163 in
542 2133 631 2164 festo
655 2133 765 2165 sancti
787 2134 1044 2177 Bartholomey‚
1070 2133 1272 2166 Guilielmus
1297 2134 1341 2165 de
1366 2133 1498 2176 Campo
1521 2135 1630 2167 sancti
1658 2134 1751 2167 Petri
1782 2134 1856 2166 iusu
1877 2135 1967 2167 Ece-

115 2185 175 2216 lini
199 2185 234 2216 in
257 2185 372 2227 platea
394 2185 514 2217 Padue
539 2186 724 2218 crudeliter
747 2186 951 2220 interfectus
964 2186 985 2219 ⁶.

207 2305 230 2323 1.
248 2298 390 2322 Holandia
409 2299 504 2328 ANNff,
524 2297 665 2323 Golandia
682 2298 706 2321 Α
727 2312 759 2315 -
779 2303 805 2328 7.
824 2297 980 2330 perterriti]
1000 2299 1131 2330 preteriti
1149 2299 1173 2322 A
1195 2313 1226 2315 —
1248 2304 1288 2330 17.
1303 2298 1421 2323 Attolda
1439 2299 1465 2322 B
1484 2298 1562 2322 Mna.
1584 2312 1616 2315 —
1640 2299 1679 2323 18.
1698 2298 1837 2322 machinis
1856 2305 1903 2321 om.
1923 2298 1967 2325 A,-

118 2339 257 2364 machinis
275 2340 289 2361 ἑ
308 2339 368 2363 talto
388 2339 464 2370 dagli
482 2340 560 2364 ANN.
580 2352 614 2357 —-
632 2345 674 2370 3ο.
694 2339 746 2371 set]
768 2347 834 2364 nam
853 2339 930 2364 Mun.
951 2353 983 2357 —-
1003 2347 1047 2371 31.
1067 2341 1096 2363 in
1115 2340 1138 2363 Α
1160 2340 1182 2362 le
1198 2340 1288 2370 parole
1302 2347 1318 2364 a
1331 2340 1446 2364 domiuo
1461 2347 1518 2364 non
1530 2338 1633 2369 surono
1646 2339 1785 2363 cancellate
1798 2347 1844 2363 con
1858 2347 1894 2362 un
1908 2341 1966 2370 rigo

116 2381 149 2404 da
168 2388 243 2404 mano
262 2383 357 2404 seriore
366 2391 375 2408 ,·
394 2389 441 2404 om.
462 2381 488 2404 B
506 2381 585 2406 MUR.
604 2393 615 2399 -
634 2380 725 2405 adiuti
744 2381 866 2413 togliamo
891 2381 968 2413 dagli
991 2382 1087 2411 ANN.3
1108 2382 1132 2405 A
1153 2382 1248 2404 lacuna
1256 2392 1266 2409 ,·
1286 2382 1311 2404 B
1329 2381 1407 2406 MUR.
1428 2390 1474 2405 om.
1504 2395 1535 2398 —
1563 2387 1603 2413 34.
1632 2382 1694 2412 dopo
1719 2381 1866 2406 crudeliter
1890 2381 1968 2406 MUR.

117 2430 176 2454 agg.
197 2424 239 2446 est

73 2508 85 2532 3
203 2500 210 2517 ¹
232 2502 389 2534 Guglielmo
409 2503 555 2528 d’Olanda
576 2503 663 2527 eletto
684 2510 717 2535 29
736 2503 885 2528 settembre
908 2509 983 2535 1247.
1067 2503 1195 2528 abbiamo
1216 2503 1240 2527 le
1259 2504 1373 2536 parole;
1394 2511 1409 2526 a
1428 2504 1530 2526 domino
1549 2510 1600 2526 non
1621 2503 1771 2527 cancellate
1792 2503 1826 2526 da
1839 2510 1896 2526 una
1910 2510 1967 2526 ma-

204 2543 215 2559 ²
234 2545 427 2570 Dalesmanini
446 2545 556 2575 Iacobo,
567 2544 618 2569 1’11
641 2545 766 2570 febbraio
783 2551 858 2576 1227,
871 2546 1013 2570 assistette
1066 2552 1103 2568 no
1122 2545 1228 2569 seriore
1241 2553 1255 2569 e
1273 2546 1323 2576 poi
1338 2552 1393 2568 una
1406 2545 1503 2569 lacuna
1518 2544 1547 2568 di
1560 2552 1617 2569 una
1630 2545 1737 2576 parola.
1757 2543 1811 2569 Cio
1824 2544 1891 2569 vuol
1907 2544 1967 2568 dire

114 2594 192 2611 come
211 2586 414 2611 ambasciatore
434 2587 463 2611 di
480 2587 595 2612 Padova
610 2587 637 2611 al
656 2594 868 2618 compromesso
881 2587 932 2611 che
945 2594 1013 2611 con·
1066 2586 1116 2610 che
1134 2586 1155 2610 il
1168 2588 1280 2619 copista
1293 2594 1351 2610 non
1365 2594 1453 2610 aveva
1466 2586 1560 2610 inteso
1572 2585 1774 2619 nell’originale
1787 2587 1885 2613 adiuti,
1900 2586 1966 2609 dato
1995 2587 2029 2606 20

115 2627 194 2652 dusse
207 2628 263 2653 alla
282 2635 350 2660 pace
362 2627 406 2653 fra
419 2629 560 2652 Eceellino
581 2629 617 2653 da
635 2629 766 2653 Romano
779 2626 897 2661 podest&
916 2629 946 2653 di
960 2629 1014 2653 Ve-
1066 2628 1156 2652 anche
1171 2628 1249 2659 dagli
1261 2628 1387 2652 Annales.
1407 2628 1428 2651 E
1443 2625 1542 2660 poiche
1556 2628 1580 2651 le
1595 2627 1690 2660 parole
1703 2625 1762 2651 cosl
1776 2627 1895 2651 monche
1910 2633 1967 2650 non

115 2676 186 2693 rona
204 2668 238 2693 da
258 2676 314 2693 una
333 2671 414 2700 parte
434 2677 448 2693 e
467 2669 486 2693 u
499 2670 582 2693 conte
601 2670 739 2693 Rizzardo
752 2669 781 2693 di
794 2669 850 2694 San
863 2667 1012 2693 Bonifacio
1067 2669 1177 2694 davano
1197 2677 1290 2701 senso,
1310 2670 1414 2694 turono
1435 2677 1590 2703 soppresse.

58 2722 89 2738 10
115 2718 130 2735 e
149 2711 175 2734 la
194 2718 244 2735 sua
262 2710 376 2735 fazione
396 2711 545 2736 dall'altra.
583 2713 685 2741 VERCI‚
708 2711 766 2735 Cod.
788 2711 858 2739 eccl„
878 2711 938 2735 doc.
955 2711 1015 2739 108,
1155 2710 1165 2726 5
1187 2711 1198 2735 I
1216 2711 1392 2742 Parmigiani
1411 2710 1516 2735 turono
1531 2710 1653 2735 sconfitti
1667 2711 1712 2735 nel
1725 2708 1753 2734 dl
1770 2711 1800 2735 18
1815 2710 1843 2734 di
1856 2711 1966 2743 agosto.

117 2761 143 2785 p.
163 2758 223 2783 219.
247 2752 261 2776 I
280 2752 340 2784 figli
354 2753 384 2776 di
397 2753 499 2777 Iacobo
514 2753 709 2777 Dalesmanini
729 2751 788 2784 (gia
807 2751 911 2784 morto)
924 2753 1013 2777 uccisi
1067 2753 1113 2778 Cf.
1137 2753 1281 2776 chronicon
1296 2756 1445 2783 parmense,
1464 2753 1523 2776 RR.
1552 2752 1588 2776 II.
1613 2753 1675 2781 SS.,
1695 2753 1742 2783 IX,
1762 2760 1789 2784 p.
1813 2760 1853 2785 19,
1873 2759 1966 2776 nuova

117 2794 152 2818 da
171 2795 309 2819 Eccellino
328 2801 414 2820 erano
436 2795 596 2825 Gumberto,
616 2795 747 2820 Artisino
767 2802 782 2819 e
801 2795 947 2819 Ubertello
963 2794 1013 2827 (lu-
1068 2794 1216 2826 edizione).
1996 2798 2027 2822 25

115 2835 173 2867 glio
195 2842 270 2867 1249,
284 2836 319 2860 cf.
334 2836 518 2866 Ronaxmxo,
532 2837 592 2862 RR.
606 2836 642 2861 II.
657 2837 718 2865 SS„
734 2837 808 2867 VIII,
821 2845 848 2868 p.
862 2836 905 2866 88,
918 2844 1013 2861 nuova
1156 2835 1166 2852 ⁶
1187 2837 1348 2869 Guglielmo
1363 2838 1397 2862 da
1412 2837 1662 2869 Camposampiero
1682 2837 1759 2869 figlio
1776 2837 1804 2861 di
1819 2837 1966 2862 Giacomo.

116 2877 263 2908 edizione).
1066 2880 1118 2905 Nel
1140 2885 1215 2910 1250,
1244 2880 1358 2904 essendo
1384 2878 1467 2904 messi
1493 2886 1509 2903 a
1536 2880 1625 2903 morte
1652 2880 1680 2903 in
1706 2879 1822 2903 Padova
1848 2879 1857 2901 i
1880 2878 1966 2902 Dale-

59 2928 87 2953 15
204 2918 216 2934 ³
235 2919 380 2944 Ludovico
400 2927 428 2944 re
448 2920 477 2944 di
496 2921 619 2945 Francia
637 2919 668 2945 fu
688 2921 821 2945 sconfitto
839 2928 854 2945 e
867 2920 942 2945 fatto
955 2922 1013 2952 pri·
1066 2921 1202 2951 smanini,
1221 2928 1237 2945 a
1249 2921 1287 2945 lui
1299 2922 1349 2945 che
1369 2928 1438 2945 aven
1456 2922 1570 2952 sposato
1585 2928 1639 2944 una
1651 2920 1788 2945 fanciulla
1801 2918 1966 2951 (Amabilia)

117 2961 249 2993 gioniero
268 2960 295 2985 ai
315 2966 328 2991 3
350 2961 379 2986 di
399 2962 496 2994 aprile.
1067 2963 1096 2987 di
1121 2963 1210 2995 quella
1234 2963 1341 2987 illustre
1365 2962 1493 2994 famiglia
1514 2962 1544 2986 fu
1566 2963 1697 2986 ordinato
1724 2962 1752 2986 di
1777 2962 1932 2994 ripudiarla
1951 2968 1965 2985 e

176 3033 179 3034 ⁷
205 3001 214 3017 ⁴
233 3003 265 3026 In
286 3003 321 3030 A,
341 3010 418 3027 corne
438 3011 541 3036 appare
560 3004 763 3036 dall’apparato
789 3004 860 3028 delle
880 3004 1011 3035 varianti,
1067 3003 1166 3037 poiche
1185 3005 1241 3036 egli
1261 3005 1290 3029 vi
1310 3006 1333 3029 si
1355 3004 1450 3028 rifiuto
1468 3003 1498 3028 fu
1517 3005 1644 3028 tradotto
1663 3004 1735 3028 nelle
1753 3004 1859 3028 carceri
1878 3003 1966 3027 d‘An-
1997 3011 2031 3035 30
