<?xml version="1.0" encoding="UTF-8"?>
<!DOCTYPE html PUBLIC "-//W3C//DTD XHTML 1.0 Transitional//EN"
    "http://www.w3.org/TR/xhtml1/DTD/xhtml1-transitional.dtd">
<html xmlns="http://www.w3.org/1999/xhtml" xml:lang="en" lang="en">
 <head>
  <title>
</title>
<meta http-equiv="Content-Type" content="text/html;charset=utf-8" />
  <meta name='ocr-system' content='tesseract 3.04.00' />
  <meta name='ocr-capabilities' content='ocr_page ocr_carea ocr_par ocr_line ocrx_word'/>
</head>
<body>
  <div class='ocr_page' id='page_1' title='image "./p3f1rerumitalica15murauoft_0099.png"; bbox 0 0 2307 3592; ppageno 0'>
   <div class='ocr_carea' id='block_1_1' title="bbox 65 551 81 582">
    <p class='ocr_par' dir='ltr' id='par_1_1' title="bbox 65 551 81 582">
     <span class='ocr_line' id='line_1_1' title="bbox 65 551 81 582; textangle 90"><span class='ocrx_word' id='word_1_1' title='bbox 65 551 81 582; x_wconf 69' lang='lat' dir='ltr'>Ut</span> 
     </span>
    </p>
   </div>
   <div class='ocr_carea' id='block_1_2' title="bbox 46 816 83 847">
    <p class='ocr_par' dir='ltr' id='par_1_2' title="bbox 46 816 83 847">
     <span class='ocr_line' id='line_1_2' title="bbox 46 816 83 847; baseline -0.027 0"><span class='ocrx_word' id='word_1_2' title='bbox 46 816 83 847; x_wconf 90' lang='lat'>10</span> 
     </span>
    </p>
   </div>
   <div class='ocr_carea' id='block_1_3' title="bbox 47 1078 82 1110">
    <p class='ocr_par' dir='ltr' id='par_1_3' title="bbox 47 1078 82 1110">
     <span class='ocr_line' id='line_1_3' title="bbox 47 1078 82 1110; baseline 0 0"><span class='ocrx_word' id='word_1_3' title='bbox 47 1078 82 1110; x_wconf 88' lang='lat'>15</span> 
     </span>
    </p>
   </div>
   <div class='ocr_carea' id='block_1_4' title="bbox 43 1345 84 1375">
    <p class='ocr_par' dir='ltr' id='par_1_4' title="bbox 43 1345 84 1375">
     <span class='ocr_line' id='line_1_4' title="bbox 43 1345 84 1375; baseline 0 0"><span class='ocrx_word' id='word_1_4' title='bbox 43 1345 84 1375; x_wconf 90' lang='lat'>20</span> 
     </span>
    </p>
   </div>
   <div class='ocr_carea' id='block_1_5' title="bbox 44 1607 84 1639">
    <p class='ocr_par' dir='ltr' id='par_1_5' title="bbox 44 1607 84 1639">
     <span class='ocr_line' id='line_1_5' title="bbox 44 1607 84 1639; baseline -0.025 0"><span class='ocrx_word' id='word_1_5' title='bbox 44 1607 84 1639; x_wconf 87' lang='lat'>25</span> 
     </span>
    </p>
   </div>
   <div class='ocr_carea' id='block_1_6' title="bbox 46 2404 87 2434">
    <p class='ocr_par' dir='ltr' id='par_1_6' title="bbox 46 2404 87 2434">
     <span class='ocr_line' id='line_1_6' title="bbox 46 2404 87 2434; baseline 0 0"><span class='ocrx_word' id='word_1_6' title='bbox 46 2404 87 2434; x_wconf 81' lang='lat'>40</span> 
     </span>
    </p>
   </div>
   <div class='ocr_carea' id='block_1_7' title="bbox 107 207 1941 250">
    <p class='ocr_par' dir='ltr' id='par_1_7' title="bbox 107 207 1941 250">
     <span class='ocr_line' id='line_1_7' title="bbox 107 207 1941 250; baseline 0.003 -8"><span class='ocrx_word' id='word_1_7' title='bbox 107 216 159 250; x_wconf 90' lang='lat' dir='ltr'>[A.</span> <span class='ocrx_word' id='word_1_8' title='bbox 179 217 272 250; x_wconf 82' lang='lat'>1310]</span> <span class='ocrx_word' id='word_1_9' title='bbox 735 208 1049 245; x_wconf 88' lang='lat' dir='ltr'>CHRONICON</span> <span class='ocrx_word' id='word_1_10' title='bbox 1078 209 1310 244; x_wconf 86' lang='lat' dir='ltr'><strong>ESTENSE</strong></span> <span class='ocrx_word' id='word_1_11' title='bbox 1898 207 1941 247; x_wconf 87' lang='lat'>77</span> 
     </span>
    </p>
   </div>
   <div class='ocr_carea' id='block_1_8' title="bbox 105 337 1956 2502">
    <p class='ocr_par' dir='ltr' id='par_1_8' title="bbox 105 337 1949 541">
     <span class='ocr_line' id='line_1_8' title="bbox 194 337 1949 380; baseline -0.001 -9"><span class='ocrx_word' id='word_1_12' title='bbox 194 339 327 371; x_wconf 91' lang='lat' dir='ltr'>Eodem</span> <span class='ocrx_word' id='word_1_13' title='bbox 351 339 543 377; x_wconf 88' lang='lat' dir='ltr'>millesimo,</span> <span class='ocrx_word' id='word_1_14' title='bbox 568 339 611 370; x_wconf 91' lang='lat' dir='ltr'>de</span> <span class='ocrx_word' id='word_1_15' title='bbox 636 349 752 370; x_wconf 89' lang='lat' dir='ltr'>mense</span> <span class='ocrx_word' id='word_1_16' title='bbox 778 338 901 369; x_wconf 90' lang='lat' dir='ltr'>martii.</span> <span class='ocrx_word' id='word_1_17' title='bbox 947 337 1107 369; x_wconf 81' lang='lat' dir='ltr'>Venetici</span> <span class='ocrx_word' id='word_1_18' title='bbox 1132 348 1209 369; x_wconf 92' lang='lat' dir='ltr'>cum</span> <span class='ocrx_word' id='word_1_19' title='bbox 1232 338 1386 380; x_wconf 89' lang='lat' dir='ltr'>pluribus</span> <span class='ocrx_word' id='word_1_20' title='bbox 1409 338 1516 380; x_wconf 85' lang='lat' dir='ltr'>galeis</span> <span class='ocrx_word' id='word_1_21' title='bbox 1540 339 1676 370; x_wconf 86' lang='lat' dir='ltr'>iverunt</span> <span class='ocrx_word' id='word_1_22' title='bbox 1700 339 1864 371; x_wconf 86' lang='lat' dir='ltr'>Sanctum</span> <span class='ocrx_word' id='word_1_23' title='bbox 1887 339 1949 371; x_wconf 92' lang='lat' dir='ltr'>Al-</span> 
     </span>
     <span class='ocr_line' id='line_1_9' title="bbox 107 391 1946 433; baseline -0.001 -8"><span class='ocrx_word' id='word_1_24' title='bbox 107 393 237 425; x_wconf 91' lang='lat' dir='ltr'>bertum</span> <span class='ocrx_word' id='word_1_25' title='bbox 253 392 262 410; x_wconf 89' lang='lat'>¹</span> <span class='ocrx_word' id='word_1_26' title='bbox 286 393 319 423; x_wconf 88' lang='lat' dir='ltr'>in</span> <span class='ocrx_word' id='word_1_27' title='bbox 345 391 515 423; x_wconf 86' lang='lat' dir='ltr'>districtu&#39;</span> <span class='ocrx_word' id='word_1_28' title='bbox 540 392 720 428; x_wconf 89' lang='lat' dir='ltr'>Ravenne,</span> <span class='ocrx_word' id='word_1_29' title='bbox 745 397 778 423; x_wconf 92' lang='lat' dir='ltr'>et</span> <span class='ocrx_word' id='word_1_30' title='bbox 802 391 849 423; x_wconf 91' lang='lat' dir='ltr'>ibi</span> <span class='ocrx_word' id='word_1_31' title='bbox 876 391 999 422; x_wconf 89' lang='lat' dir='ltr'>multas</span> <span class='ocrx_word' id='word_1_32' title='bbox 1023 391 1142 422; x_wconf 90' lang='lat' dir='ltr'>domos</span> <span class='ocrx_word' id='word_1_33' title='bbox 1166 391 1426 423; x_wconf 90' lang='lat' dir='ltr'>comburserunt</span> <span class='ocrx_word' id='word_1_34' title='bbox 1449 402 1557 433; x_wconf 86' lang='lat' dir='ltr'><strong>prope</strong></span> <span class='ocrx_word' id='word_1_35' title='bbox 1583 398 1730 424; x_wconf 78' lang='lat' dir='ltr'><strong>castrum</strong></span> <span class='ocrx_word' id='word_1_36' title='bbox 1758 393 1946 430; x_wconf 71' lang='lat' dir='ltr'>Marcam,</span> 
     </span>
     <span class='ocr_line' id='line_1_10' title="bbox 106 443 1949 488; baseline -0.001 -11"><span class='ocrx_word' id='word_1_37' title='bbox 106 446 199 488; x_wconf 90' lang='lat' dir='ltr'>quod</span> <span class='ocrx_word' id='word_1_38' title='bbox 220 446 431 478; x_wconf 89' lang='lat' dir='ltr'>destructum</span> <span class='ocrx_word' id='word_1_39' title='bbox 454 450 543 482; x_wconf 89' lang='lat' dir='ltr'>erat;</span> <span class='ocrx_word' id='word_1_40' title='bbox 569 450 602 476; x_wconf 89' lang='lat' dir='ltr'>et</span> <span class='ocrx_word' id='word_1_41' title='bbox 625 443 831 476; x_wconf 84' lang='lat' dir='ltr'>occiderunt</span> <span class='ocrx_word' id='word_1_42' title='bbox 855 449 890 476; x_wconf 89' lang='lat' dir='ltr'>et</span> <span class='ocrx_word' id='word_1_43' title='bbox 914 449 1082 485; x_wconf 85' lang='lat' dir='ltr'>ceperunt</span> <span class='ocrx_word' id='word_1_44' title='bbox 1104 444 1220 485; x_wconf 89' lang='lat' dir='ltr'>plures</span> <span class='ocrx_word' id='word_1_45' title='bbox 1244 444 1399 476; x_wconf 90' lang='lat' dir='ltr'>homines</span> <span class='ocrx_word' id='word_1_46' title='bbox 1422 444 1603 484; x_wconf 79' lang='lat' dir='ltr'>Ravenne,</span> <span class='ocrx_word' id='word_1_47' title='bbox 1635 451 1668 476; x_wconf 92' lang='lat' dir='ltr'>et</span> <span class='ocrx_word' id='word_1_48' title='bbox 1701 445 1949 477; x_wconf 88' lang='lat' dir='ltr'>conburserunt</span> 
     </span>
     <span class='ocr_line' id='line_1_11' title="bbox 105 496 1948 541; baseline -0.001 -11"><span class='ocrx_word' id='word_1_49' title='bbox 105 499 221 541; x_wconf 89' lang='lat' dir='ltr'>plures</span> <span class='ocrx_word' id='word_1_50' title='bbox 236 508 341 530; x_wconf 85' lang='lat' dir='ltr'>naves</span> <span class='ocrx_word' id='word_1_51' title='bbox 357 497 635 534; x_wconf 86' lang='lat' dir='ltr'>Ferrariensium,</span> <span class='ocrx_word' id='word_1_52' title='bbox 648 497 706 529; x_wconf 90' lang='lat' dir='ltr'>ubi</span> <span class='ocrx_word' id='word_1_53' title='bbox 719 502 819 528; x_wconf 81' lang='lat' dir='ltr'>erant</span> <span class='ocrx_word' id='word_1_54' title='bbox 831 496 1052 535; x_wconf 86' lang='lat' dir='ltr'>Theotonici,</span> <span class='ocrx_word' id='word_1_55' title='bbox 1066 497 1123 539; x_wconf 87' lang='lat' dir='ltr'>qui</span> <span class='ocrx_word' id='word_1_56' title='bbox 1137 497 1234 528; x_wconf 82' lang='lat' dir='ltr'>ibant</span> <span class='ocrx_word' id='word_1_57' title='bbox 1251 497 1466 535; x_wconf 88' lang='lat' dir='ltr'>Ravennam,</span> <span class='ocrx_word' id='word_1_58' title='bbox 1485 508 1587 529; x_wconf 82' lang='lat' dir='ltr'>causa</span> <span class='ocrx_word' id='word_1_59' title='bbox 1604 498 1707 529; x_wconf 90' lang='lat' dir='ltr'>eundi</span> <span class='ocrx_word' id='word_1_60' title='bbox 1720 498 1869 529; x_wconf 86' lang='lat' dir='ltr'>Romam</span> <span class='ocrx_word' id='word_1_61' title='bbox 1883 504 1948 529; x_wconf 91' lang='lat' dir='ltr'>etc.</span> 
     </span>
    </p>

    <p class='ocr_par' dir='ltr' id='par_1_9' title="bbox 195 549 1948 592">
     <span class='ocr_line' id='line_1_12' title="bbox 195 549 1948 592; baseline -0.001 -10"><span class='ocrx_word' id='word_1_62' title='bbox 195 549 328 582; x_wconf 90' lang='lat' dir='ltr'>Eodem</span> <span class='ocrx_word' id='word_1_63' title='bbox 344 550 534 588; x_wconf 89' lang='lat' dir='ltr'>millesimo,</span> <span class='ocrx_word' id='word_1_64' title='bbox 552 550 595 581; x_wconf 91' lang='lat' dir='ltr'>de</span> <span class='ocrx_word' id='word_1_65' title='bbox 611 559 727 581; x_wconf 91' lang='lat' dir='ltr'>mense</span> <span class='ocrx_word' id='word_1_66' title='bbox 743 549 857 581; x_wconf 87' lang='lat' dir='ltr'>madii.</span> <span class='ocrx_word' id='word_1_67' title='bbox 893 549 1071 581; x_wconf 82' lang='lat' dir='ltr'>Dabantur</span> <span class='ocrx_word' id='word_1_68' title='bbox 1089 549 1156 580; x_wconf 93' lang='lat' dir='ltr'>duo</span> <span class='ocrx_word' id='word_1_69' title='bbox 1172 560 1282 590; x_wconf 87' lang='lat' dir='ltr'>panes</span> <span class='ocrx_word' id='word_1_70' title='bbox 1298 559 1360 591; x_wconf 91' lang='lat' dir='ltr'>pro</span> <span class='ocrx_word' id='word_1_71' title='bbox 1376 560 1444 581; x_wconf 91' lang='lat' dir='ltr'>uno</span> <span class='ocrx_word' id='word_1_72' title='bbox 1461 550 1640 592; x_wconf 88' lang='lat' dir='ltr'>bagattino</span> <span class='ocrx_word' id='word_1_73' title='bbox 1657 550 1691 581; x_wconf 91' lang='lat' dir='ltr'>in</span> <span class='ocrx_word' id='word_1_74' title='bbox 1708 551 1867 583; x_wconf 85' lang='lat' dir='ltr'>Ferraria</span> <span class='ocrx_word' id='word_1_75' title='bbox 1884 557 1948 581; x_wconf 87' lang='lat' dir='ltr'>etc.</span> 
     </span>
    </p>

    <p class='ocr_par' dir='ltr' id='par_1_10' title="bbox 106 601 1951 752">
     <span class='ocr_line' id='line_1_13' title="bbox 194 601 1951 644; baseline -0.001 -9"><span class='ocrx_word' id='word_1_76' title='bbox 194 603 327 636; x_wconf 91' lang='lat' dir='ltr'>Eodem</span> <span class='ocrx_word' id='word_1_77' title='bbox 351 603 542 640; x_wconf 90' lang='lat' dir='ltr'>millesimo,</span> <span class='ocrx_word' id='word_1_78' title='bbox 567 603 609 634; x_wconf 91' lang='lat' dir='ltr'>de</span> <span class='ocrx_word' id='word_1_79' title='bbox 634 613 748 634; x_wconf 88' lang='lat' dir='ltr'>mense</span> <span class='ocrx_word' id='word_1_80' title='bbox 772 602 865 633; x_wconf 87' lang='lat' dir='ltr'>iunii.</span> <span class='ocrx_word' id='word_1_81' title='bbox 900 601 1070 634; x_wconf 88' lang='lat' dir='ltr'>Dominus</span> <span class='ocrx_word' id='word_1_82' title='bbox 1094 602 1276 644; x_wconf 89' lang='lat' dir='ltr'>episcopus</span> <span class='ocrx_word' id='word_1_83' title='bbox 1292 604 1320 635; x_wconf 89' lang='lat' dir='ltr'>F</span> <span class='ocrx_word' id='word_1_84' title='bbox 1323 603 1432 634; x_wconf 88' lang='lat' dir='ltr'>erarie</span> <span class='ocrx_word' id='word_1_85' title='bbox 1447 602 1458 618; x_wconf 78' lang='lat'><strong>²</strong></span> <span class='ocrx_word' id='word_1_86' title='bbox 1480 603 1601 634; x_wconf 90' lang='lat' dir='ltr'>missus</span> <span class='ocrx_word' id='word_1_87' title='bbox 1618 609 1668 635; x_wconf 92' lang='lat' dir='ltr'>est</span> <span class='ocrx_word' id='word_1_88' title='bbox 1683 614 1704 634; x_wconf 90' lang='lat' dir='ltr'>a</span> <span class='ocrx_word' id='word_1_89' title='bbox 1721 604 1860 635; x_wconf 92' lang='lat' dir='ltr'>domino</span> <span class='ocrx_word' id='word_1_90' title='bbox 1884 603 1951 634; x_wconf 93' lang='lat' dir='ltr'>Pa—</span> 
     </span>
     <span class='ocr_line' id='line_1_14' title="bbox 106 654 1950 698; baseline 0 -10"><span class='ocrx_word' id='word_1_91' title='bbox 106 668 159 698; x_wconf 87' lang='lat' dir='ltr'>pa.</span> <span class='ocrx_word' id='word_1_92' title='bbox 174 680 181 688; x_wconf 90' lang='lat'><strong>.</strong></span> <span class='ocrx_word' id='word_1_93' title='bbox 196 681 204 688; x_wconf 94' lang='lat'><strong><em>.</em></strong></span> <span class='ocrx_word' id='word_1_94' title='bbox 219 680 226 688; x_wconf 90' lang='lat'><strong><em>.</em></strong></span> <span class='ocrx_word' id='word_1_95' title='bbox 252 656 448 689; x_wconf 85' lang='lat' dir='ltr'>Ferrariam</span> <span class='ocrx_word' id='word_1_96' title='bbox 465 666 542 686; x_wconf 89' lang='lat' dir='ltr'>cum</span> <span class='ocrx_word' id='word_1_97' title='bbox 560 654 689 687; x_wconf 89' lang='lat' dir='ltr'>licteris</span> <span class='ocrx_word' id='word_1_98' title='bbox 706 654 874 686; x_wconf 90' lang='lat' dir='ltr'>bonorum</span> <span class='ocrx_word' id='word_1_99' title='bbox 891 665 1056 686; x_wconf 85' lang='lat' dir='ltr'>novorum</span> <span class='ocrx_word' id='word_1_100' title='bbox 1073 661 1107 686; x_wconf 90' lang='lat' dir='ltr'>et</span> <span class='ocrx_word' id='word_1_101' title='bbox 1124 660 1205 686; x_wconf 91' lang='lat' dir='ltr'>tunc</span> <span class='ocrx_word' id='word_1_102' title='bbox 1222 655 1320 687; x_wconf 89' lang='lat' dir='ltr'>venit</span> <span class='ocrx_word' id='word_1_103' title='bbox 1335 656 1530 687; x_wconf 81' lang='lat' dir='ltr'>Ferrariam</span> <span class='ocrx_word' id='word_1_104' title='bbox 1546 656 1695 688; x_wconf 87' lang='lat' dir='ltr'>vicarius</span> <span class='ocrx_word' id='word_1_105' title='bbox 1712 656 1843 688; x_wconf 90' lang='lat' dir='ltr'>domini</span> <span class='ocrx_word' id='word_1_106' title='bbox 1861 667 1950 698; x_wconf 89' lang='lat' dir='ltr'>pape</span> 
     </span>
     <span class='ocr_line' id='line_1_15' title="bbox 107 708 458 752; baseline 0 -12"><span class='ocrx_word' id='word_1_107' title='bbox 107 709 166 752; x_wconf 90' lang='lat' dir='ltr'>qui</span> <span class='ocrx_word' id='word_1_108' title='bbox 190 708 390 741; x_wconf 87' lang='lat' dir='ltr'>vocabatur.</span> <span class='ocrx_word' id='word_1_109' title='bbox 405 732 413 740; x_wconf 88' lang='lat'>.</span> <span class='ocrx_word' id='word_1_110' title='bbox 427 731 434 739; x_wconf 94' lang='lat'><em>.</em></span> <span class='ocrx_word' id='word_1_111' title='bbox 451 732 458 740; x_wconf 90' lang='lat'>.</span> 
     </span>
    </p>

    <p class='ocr_par' dir='ltr' id='par_1_11' title="bbox 107 760 1950 855">
     <span class='ocr_line' id='line_1_16' title="bbox 193 760 1950 804; baseline -0.001 -10"><span class='ocrx_word' id='word_1_112' title='bbox 193 762 325 794; x_wconf 91' lang='lat' dir='ltr'>Eodem</span> <span class='ocrx_word' id='word_1_113' title='bbox 350 761 530 792; x_wconf 89' lang='lat' dir='ltr'>millesimo</span> <span class='ocrx_word' id='word_1_114' title='bbox 555 770 604 791; x_wconf 88' lang='lat' dir='ltr'>xv</span> <span class='ocrx_word' id='word_1_115' title='bbox 628 760 713 792; x_wconf 90' lang='lat' dir='ltr'>iunii</span> <span class='ocrx_word' id='word_1_116' title='bbox 739 760 772 791; x_wconf 86' lang='lat' dir='ltr'>in</span> <span class='ocrx_word' id='word_1_117' title='bbox 798 760 853 792; x_wconf 93' lang='lat' dir='ltr'>die</span> <span class='ocrx_word' id='word_1_118' title='bbox 878 760 988 791; x_wconf 91' lang='lat' dir='ltr'>sancti</span> <span class='ocrx_word' id='word_1_119' title='bbox 1019 760 1103 792; x_wconf 87' lang='lat' dir='ltr'>Viti.</span> <span class='ocrx_word' id='word_1_120' title='bbox 1149 761 1317 792; x_wconf 84' lang='lat' dir='ltr'>Dominus</span> <span class='ocrx_word' id='word_1_121' title='bbox 1350 762 1544 804; x_wconf 89' lang='lat' dir='ltr'>Bayamons</span> <span class='ocrx_word' id='word_1_122' title='bbox 1568 763 1611 793; x_wconf 88' lang='lat' dir='ltr'>de</span> <span class='ocrx_word' id='word_1_123' title='bbox 1636 762 1780 804; x_wconf 91' lang='lat' dir='ltr'>Tepulis</span> <span class='ocrx_word' id='word_1_124' title='bbox 1807 772 1950 804; x_wconf 82' lang='lat' dir='ltr'>magnus</span> 
     </span>
     <span class='ocr_line' id='line_1_17' title="bbox 107 811 1077 855; baseline -0.001 -9"><span class='ocrx_word' id='word_1_125' title='bbox 107 815 191 846; x_wconf 90' lang='lat' dir='ltr'>civis</span> <span class='ocrx_word' id='word_1_126' title='bbox 214 813 438 847; x_wconf 87' lang='lat' dir='ltr'>Venetiarum</span> <span class='ocrx_word' id='word_1_127' title='bbox 462 813 621 855; x_wconf 79' lang='lat' dir='ltr'>expulsus</span> <span class='ocrx_word' id='word_1_128' title='bbox 644 818 694 844; x_wconf 88' lang='lat' dir='ltr'>est</span> <span class='ocrx_word' id='word_1_129' title='bbox 718 813 761 844; x_wconf 92' lang='lat' dir='ltr'>de</span> <span class='ocrx_word' id='word_1_130' title='bbox 786 812 879 844; x_wconf 89' lang='lat' dir='ltr'>dicta</span> <span class='ocrx_word' id='word_1_131' title='bbox 902 813 1041 845; x_wconf 89' lang='lat' dir='ltr'>civitate</span> <span class='ocrx_word' id='word_1_132' title='bbox 1055 811 1077 845; x_wconf 83' lang='lat'>³.</span> 
     </span>
    </p>

    <p class='ocr_par' dir='ltr' id='par_1_12' title="bbox 107 865 1955 1322">
     <span class='ocr_line' id='line_1_18' title="bbox 194 865 1952 910; baseline -0.001 -11"><span class='ocrx_word' id='word_1_133' title='bbox 194 867 326 899; x_wconf 90' lang='lat' dir='ltr'>Eodem</span> <span class='ocrx_word' id='word_1_134' title='bbox 351 866 529 897; x_wconf 91' lang='lat' dir='ltr'>millesimo</span> <span class='ocrx_word' id='word_1_135' title='bbox 553 875 631 897; x_wconf 83' lang='lat' dir='ltr'>XVII</span> <span class='ocrx_word' id='word_1_136' title='bbox 657 865 727 896; x_wconf 83' lang='lat' dir='ltr'>iulii</span> <span class='ocrx_word' id='word_1_137' title='bbox 752 866 795 897; x_wconf 90' lang='lat' dir='ltr'>de</span> <span class='ocrx_word' id='word_1_138' title='bbox 820 875 907 897; x_wconf 86' lang='lat' dir='ltr'>sero.</span> <span class='ocrx_word' id='word_1_139' title='bbox 954 866 1118 907; x_wconf 75' lang='lat' dir='ltr'>inceptus</span> <span class='ocrx_word' id='word_1_140' title='bbox 1149 872 1200 898; x_wconf 91' lang='lat' dir='ltr'>est</span> <span class='ocrx_word' id='word_1_141' title='bbox 1231 877 1346 898; x_wconf 89' lang='lat' dir='ltr'>rumor</span> <span class='ocrx_word' id='word_1_142' title='bbox 1377 867 1412 898; x_wconf 92' lang='lat' dir='ltr'>in</span> <span class='ocrx_word' id='word_1_143' title='bbox 1446 868 1584 899; x_wconf 86' lang='lat' dir='ltr'>civitate</span> <span class='ocrx_word' id='word_1_144' title='bbox 1617 868 1773 900; x_wconf 87' lang='lat' dir='ltr'>Ferrarie</span> <span class='ocrx_word' id='word_1_145' title='bbox 1806 879 1868 910; x_wconf 89' lang='lat' dir='ltr'>per</span> <span class='ocrx_word' id='word_1_146' title='bbox 1891 868 1952 899; x_wconf 90' lang='lat' dir='ltr'>ali-</span> 
     </span>
     <span class='ocr_line' id='line_1_19' title="bbox 107 918 1951 962; baseline 0 -11"><span class='ocrx_word' id='word_1_147' title='bbox 107 931 190 962; x_wconf 90' lang='lat' dir='ltr'>quos</span> <span class='ocrx_word' id='word_1_148' title='bbox 213 919 397 962; x_wconf 82' lang='lat' dir='ltr'>populares</span> <span class='ocrx_word' id='word_1_149' title='bbox 427 919 473 950; x_wconf 86' lang='lat' dir='ltr'>ad</span> <span class='ocrx_word' id='word_1_150' title='bbox 504 918 707 960; x_wconf 82' lang='lat' dir='ltr'>petitionem</span> <span class='ocrx_word' id='word_1_151' title='bbox 739 924 772 950; x_wconf 86' lang='lat' dir='ltr'>et</span> <span class='ocrx_word' id='word_1_152' title='bbox 802 918 1001 950; x_wconf 82' lang='lat' dir='ltr'>instantiam</span> <span class='ocrx_word' id='word_1_153' title='bbox 1027 919 1260 961; x_wconf 85' lang='lat' dir='ltr'>Salinguerre,</span> <span class='ocrx_word' id='word_1_154' title='bbox 1292 919 1472 951; x_wconf 89' lang='lat' dir='ltr'>Ramberti</span> <span class='ocrx_word' id='word_1_155' title='bbox 1506 921 1550 952; x_wconf 92' lang='lat' dir='ltr'>de</span> <span class='ocrx_word' id='word_1_156' title='bbox 1580 920 1788 959; x_wconf 71' lang='lat' dir='ltr'>Ramberfis,</span> <span class='ocrx_word' id='word_1_157' title='bbox 1821 921 1951 953; x_wconf 89' lang='lat' dir='ltr'>domini</span> 
     </span>
     <span class='ocr_line' id='line_1_20' title="bbox 108 971 1949 1015; baseline 0 -10"><span class='ocrx_word' id='word_1_158' title='bbox 108 973 284 1005; x_wconf 88' lang='lat' dir='ltr'>Francisci</span> <span class='ocrx_word' id='word_1_159' title='bbox 309 973 352 1004; x_wconf 90' lang='lat' dir='ltr'>de</span> <span class='ocrx_word' id='word_1_160' title='bbox 376 971 602 1009; x_wconf 90' lang='lat' dir='ltr'>Menabobus,</span> <span class='ocrx_word' id='word_1_161' title='bbox 626 977 660 1002; x_wconf 91' lang='lat' dir='ltr'>et</span> <span class='ocrx_word' id='word_1_162' title='bbox 691 971 833 1002; x_wconf 83' lang='lat' dir='ltr'>aliorum</span> <span class='ocrx_word' id='word_1_163' title='bbox 865 971 974 1012; x_wconf 84' lang='lat' dir='ltr'>partis</span> <span class='ocrx_word' id='word_1_164' title='bbox 1004 981 1121 1003; x_wconf 90' lang='lat' dir='ltr'>eorum</span> <span class='ocrx_word' id='word_1_165' title='bbox 1152 978 1272 1004; x_wconf 87' lang='lat' dir='ltr'>contra</span> <span class='ocrx_word' id='word_1_166' title='bbox 1302 979 1423 1015; x_wconf 85' lang='lat' dir='ltr'>gentes</span> <span class='ocrx_word' id='word_1_167' title='bbox 1447 973 1605 1005; x_wconf 88' lang='lat' dir='ltr'>Ecclesie</span> <span class='ocrx_word' id='word_1_168' title='bbox 1637 979 1671 1005; x_wconf 92' lang='lat' dir='ltr'>et</span> <span class='ocrx_word' id='word_1_169' title='bbox 1702 973 1949 1005; x_wconf 85' lang='lat' dir='ltr'>Mar&#39;chionem</span> 
     </span>
     <span class='ocr_line' id='line_1_21' title="bbox 109 1023 1953 1061; baseline 0.001 -4"><span class='ocrx_word' id='word_1_170' title='bbox 109 1031 285 1057; x_wconf 88' lang='lat' dir='ltr'>estensem.</span> <span class='ocrx_word' id='word_1_171' title='bbox 331 1025 516 1057; x_wconf 88' lang='lat' dir='ltr'>Currentes</span> <span class='ocrx_word' id='word_1_172' title='bbox 548 1024 733 1061; x_wconf 83' lang='lat' dir='ltr'>civitatem,</span> <span class='ocrx_word' id='word_1_173' title='bbox 766 1023 973 1055; x_wconf 89' lang='lat' dir='ltr'>occidebant</span> <span class='ocrx_word' id='word_1_174' title='bbox 1004 1025 1159 1056; x_wconf 89' lang='lat' dir='ltr'>homines</span> <span class='ocrx_word' id='word_1_175' title='bbox 1191 1030 1225 1056; x_wconf 89' lang='lat' dir='ltr'>et</span> <span class='ocrx_word' id='word_1_176' title='bbox 1255 1025 1471 1058; x_wconf 87' lang='lat' dir='ltr'>derobabant</span> <span class='ocrx_word' id='word_1_177' title='bbox 1492 1027 1651 1058; x_wconf 89' lang='lat' dir='ltr'>mulieres</span> <span class='ocrx_word' id='word_1_178' title='bbox 1683 1033 1716 1058; x_wconf 92' lang='lat' dir='ltr'>et</span> <span class='ocrx_word' id='word_1_179' title='bbox 1749 1027 1817 1058; x_wconf 91' lang='lat' dir='ltr'>alia</span> <span class='ocrx_word' id='word_1_180' title='bbox 1848 1026 1953 1058; x_wconf 89' lang='lat' dir='ltr'>multa</span> 
     </span>
     <span class='ocr_line' id='line_1_22' title="bbox 108 1077 1952 1121; baseline 0 -11"><span class='ocrx_word' id='word_1_181' title='bbox 108 1078 212 1116; x_wconf 80' lang='lat' dir='ltr'>mala3</span> <span class='ocrx_word' id='word_1_182' title='bbox 239 1084 272 1110; x_wconf 90' lang='lat' dir='ltr'>et</span> <span class='ocrx_word' id='word_1_183' title='bbox 296 1077 500 1110; x_wconf 88' lang='lat' dir='ltr'>occiderunt</span> <span class='ocrx_word' id='word_1_184' title='bbox 523 1077 688 1108; x_wconf 89' lang='lat' dir='ltr'>maiorem</span> <span class='ocrx_word' id='word_1_185' title='bbox 712 1082 845 1118; x_wconf 88' lang='lat' dir='ltr'>partem</span> <span class='ocrx_word' id='word_1_186' title='bbox 870 1077 1023 1119; x_wconf 87' lang='lat' dir='ltr'>gentium</span> <span class='ocrx_word' id='word_1_187' title='bbox 1048 1077 1265 1109; x_wconf 79' lang='lat' dir='ltr'>existentium</span> <span class='ocrx_word' id='word_1_188' title='bbox 1289 1078 1323 1109; x_wconf 91' lang='lat' dir='ltr'>in</span> <span class='ocrx_word' id='word_1_189' title='bbox 1348 1078 1441 1110; x_wconf 90' lang='lat' dir='ltr'>dicta</span> <span class='ocrx_word' id='word_1_190' title='bbox 1465 1079 1604 1111; x_wconf 86' lang='lat' dir='ltr'>civitate</span> <span class='ocrx_word' id='word_1_191' title='bbox 1628 1090 1692 1121; x_wconf 90' lang='lat' dir='ltr'>pro</span> <span class='ocrx_word' id='word_1_192' title='bbox 1719 1079 1889 1117; x_wconf 85' lang='lat' dir='ltr'>Ecclesia,</span> <span class='ocrx_word' id='word_1_193' title='bbox 1918 1085 1952 1110; x_wconf 92' lang='lat' dir='ltr'>et</span> 
     </span>
     <span class='ocr_line' id='line_1_23' title="bbox 108 1129 1955 1175; baseline -0.001 -12"><span class='ocrx_word' id='word_1_194' title='bbox 108 1142 226 1163; x_wconf 90' lang='lat' dir='ltr'>omnes</span> <span class='ocrx_word' id='word_1_195' title='bbox 249 1130 411 1163; x_wconf 87' lang='lat' dir='ltr'>officiales</span> <span class='ocrx_word' id='word_1_196' title='bbox 433 1130 590 1161; x_wconf 89' lang='lat' dir='ltr'>Ecclesie</span> <span class='ocrx_word' id='word_1_197' title='bbox 613 1129 777 1172; x_wconf 79' lang='lat' dir='ltr'>fugerunt</span> <span class='ocrx_word' id='word_1_198' title='bbox 809 1130 844 1161; x_wconf 90' lang='lat' dir='ltr'>in</span> <span class='ocrx_word' id='word_1_199' title='bbox 877 1129 998 1161; x_wconf 88' lang='lat' dir='ltr'>Castro</span> <span class='ocrx_word' id='word_1_200' title='bbox 1023 1130 1150 1170; x_wconf 85' lang='lat' dir='ltr'>tealdo,</span> <span class='ocrx_word' id='word_1_201' title='bbox 1182 1136 1362 1173; x_wconf 87' lang='lat' dir='ltr'>postquam</span> <span class='ocrx_word' id='word_1_202' title='bbox 1394 1132 1553 1163; x_wconf 89' lang='lat' dir='ltr'>resistere</span> <span class='ocrx_word' id='word_1_203' title='bbox 1578 1142 1645 1164; x_wconf 91' lang='lat' dir='ltr'>non</span> <span class='ocrx_word' id='word_1_204' title='bbox 1672 1138 1843 1175; x_wconf 88' lang='lat' dir='ltr'>poterant,</span> <span class='ocrx_word' id='word_1_205' title='bbox 1875 1132 1955 1174; x_wconf 91' lang='lat' dir='ltr'>quia</span> 
     </span>
     <span class='ocr_line' id='line_1_24' title="bbox 107 1182 1951 1226; baseline 0.001 -11"><span class='ocrx_word' id='word_1_206' title='bbox 107 1184 257 1226; x_wconf 86' lang='lat' dir='ltr'>predicti</span> <span class='ocrx_word' id='word_1_207' title='bbox 282 1183 505 1216; x_wconf 89' lang='lat' dir='ltr'>derobatores</span> <span class='ocrx_word' id='word_1_208' title='bbox 531 1182 792 1215; x_wconf 89' lang='lat' dir='ltr'>comburserunt</span> <span class='ocrx_word' id='word_1_209' title='bbox 815 1182 945 1224; x_wconf 84' lang='lat' dir='ltr'>palatia</span> <span class='ocrx_word' id='word_1_210' title='bbox 978 1183 1192 1215; x_wconf 88' lang='lat' dir='ltr'>dominorum</span> <span class='ocrx_word' id='word_1_211' title='bbox 1215 1183 1461 1216; x_wconf 86' lang='lat' dir='ltr'>Marchionum</span> <span class='ocrx_word' id='word_1_212' title='bbox 1493 1186 1686 1225; x_wconf 56' lang='lat' dir='ltr'>estensium„</span> <span class='ocrx_word' id='word_1_213' title='bbox 1733 1186 1776 1217; x_wconf 90' lang='lat' dir='ltr'>Et</span> <span class='ocrx_word' id='word_1_214' title='bbox 1798 1186 1833 1216; x_wconf 90' lang='lat' dir='ltr'>in</span> <span class='ocrx_word' id='word_1_215' title='bbox 1857 1185 1951 1216; x_wconf 90' lang='lat' dir='ltr'>dicto</span> 
     </span>
     <span class='ocr_line' id='line_1_25' title="bbox 109 1235 1951 1280; baseline 0 -12"><span class='ocrx_word' id='word_1_216' title='bbox 109 1248 244 1269; x_wconf 90' lang='lat' dir='ltr'>rumore</span> <span class='ocrx_word' id='word_1_217' title='bbox 269 1237 394 1269; x_wconf 92' lang='lat' dir='ltr'>mortui</span> <span class='ocrx_word' id='word_1_218' title='bbox 418 1236 557 1269; x_wconf 78' lang='lat' dir='ltr'>fuerunt</span> <span class='ocrx_word' id='word_1_219' title='bbox 581 1236 695 1268; x_wconf 92' lang='lat' dir='ltr'>Guido</span> <span class='ocrx_word' id='word_1_220' title='bbox 720 1236 763 1267; x_wconf 90' lang='lat' dir='ltr'>de</span> <span class='ocrx_word' id='word_1_221' title='bbox 786 1235 980 1268; x_wconf 89' lang='lat' dir='ltr'>Arloctinis</span> <span class='ocrx_word' id='word_1_222' title='bbox 1005 1242 1039 1267; x_wconf 88' lang='lat' dir='ltr'>et</span> <span class='ocrx_word' id='word_1_223' title='bbox 1061 1237 1240 1279; x_wconf 74' lang='lat' dir='ltr'>Macanca,</span> <span class='ocrx_word' id='word_1_224' title='bbox 1265 1237 1430 1279; x_wconf 90' lang='lat' dir='ltr'>multique</span> <span class='ocrx_word' id='word_1_225' title='bbox 1447 1238 1615 1270; x_wconf 86' lang='lat' dir='ltr'>vulnerati</span> <span class='ocrx_word' id='word_1_226' title='bbox 1640 1239 1684 1270; x_wconf 90' lang='lat' dir='ltr'>de</span> <span class='ocrx_word' id='word_1_227' title='bbox 1708 1244 1806 1280; x_wconf 85' lang='lat' dir='ltr'>parte</span> <span class='ocrx_word' id='word_1_228' title='bbox 1823 1237 1951 1270; x_wconf 86' lang='lat' dir='ltr'>domini</span> 
     </span>
     <span class='ocr_line' id='line_1_26' title="bbox 109 1290 333 1322; baseline -0.004 0"><span class='ocrx_word' id='word_1_229' title='bbox 109 1290 333 1322; x_wconf 85' lang='lat' dir='ltr'>Marchionis.</span> 
     </span>
    </p>

    <p class='ocr_par' dir='ltr' id='par_1_13' title="bbox 107 1342 1956 2502">
     <span class='ocr_line' id='line_1_27' title="bbox 195 1342 1954 1386; baseline -0.001 -11"><span class='ocrx_word' id='word_1_230' title='bbox 195 1344 259 1375; x_wconf 90' lang='lat' dir='ltr'>Die</span> <span class='ocrx_word' id='word_1_231' title='bbox 284 1343 455 1375; x_wconf 91' lang='lat' dir='ltr'>dominico</span> <span class='ocrx_word' id='word_1_232' title='bbox 480 1342 638 1386; x_wconf 83' lang='lat' dir='ltr'>sequenti</span> <span class='ocrx_word' id='word_1_233' title='bbox 663 1342 852 1385; x_wconf 83' lang='lat' dir='ltr'>significata</span> <span class='ocrx_word' id='word_1_234' title='bbox 875 1343 1015 1375; x_wconf 79' lang='lat' dir='ltr'>fuerunt</span> <span class='ocrx_word' id='word_1_235' title='bbox 1045 1343 1111 1374; x_wconf 89' lang='lat' dir='ltr'>ista</span> <span class='ocrx_word' id='word_1_236' title='bbox 1143 1343 1280 1375; x_wconf 88' lang='lat' dir='ltr'>domino</span> <span class='ocrx_word' id='word_1_237' title='bbox 1313 1344 1481 1375; x_wconf 88' lang='lat' dir='ltr'>cardinali</span> <span class='ocrx_word' id='word_1_238' title='bbox 1513 1344 1694 1386; x_wconf 86' lang='lat' dir='ltr'>Pelagrua,</span> <span class='ocrx_word' id='word_1_239' title='bbox 1727 1344 1785 1386; x_wconf 90' lang='lat' dir='ltr'>qui</span> <span class='ocrx_word' id='word_1_240' title='bbox 1815 1349 1887 1376; x_wconf 90' lang='lat' dir='ltr'>erat</span> <span class='ocrx_word' id='word_1_241' title='bbox 1918 1344 1954 1375; x_wconf 92' lang='lat' dir='ltr'>in</span> 
     </span>
     <span class='ocr_line' id='line_1_28' title="bbox 107 1395 1954 1439; baseline -0.001 -11"><span class='ocrx_word' id='word_1_242' title='bbox 107 1396 244 1429; x_wconf 90' lang='lat' dir='ltr'>civitate</span> <span class='ocrx_word' id='word_1_243' title='bbox 267 1397 434 1434; x_wconf 88' lang='lat' dir='ltr'>Bononie,</span> <span class='ocrx_word' id='word_1_244' title='bbox 459 1405 500 1427; x_wconf 88' lang='lat' dir='ltr'>ac</span> <span class='ocrx_word' id='word_1_245' title='bbox 525 1395 661 1427; x_wconf 91' lang='lat' dir='ltr'>comuni</span> <span class='ocrx_word' id='word_1_246' title='bbox 685 1395 848 1427; x_wconf 88' lang='lat' dir='ltr'>Bononie.</span> <span class='ocrx_word' id='word_1_247' title='bbox 896 1396 996 1428; x_wconf 90' lang='lat' dir='ltr'>Tunc</span> <span class='ocrx_word' id='word_1_248' title='bbox 1022 1395 1135 1427; x_wconf 90' lang='lat' dir='ltr'>dictus</span> <span class='ocrx_word' id='word_1_249' title='bbox 1159 1396 1347 1428; x_wconf 89' lang='lat' dir='ltr'>cardinalis</span> <span class='ocrx_word' id='word_1_250' title='bbox 1370 1397 1462 1428; x_wconf 85' lang='lat' dir='ltr'>misit</span> <span class='ocrx_word' id='word_1_251' title='bbox 1486 1397 1612 1429; x_wconf 86' lang='lat' dir='ltr'>milites</span> <span class='ocrx_word' id='word_1_252' title='bbox 1636 1403 1669 1428; x_wconf 93' lang='lat' dir='ltr'>et</span> <span class='ocrx_word' id='word_1_253' title='bbox 1696 1397 1881 1439; x_wconf 87' lang='lat' dir='ltr'>populares</span> <span class='ocrx_word' id='word_1_254' title='bbox 1905 1397 1954 1429; x_wconf 89' lang='lat' dir='ltr'>ci-</span> 
     </span>
     <span class='ocr_line' id='line_1_29' title="bbox 108 1449 1955 1492; baseline -0.001 -11"><span class='ocrx_word' id='word_1_255' title='bbox 108 1449 221 1481; x_wconf 88' lang='lat' dir='ltr'>vitatis</span> <span class='ocrx_word' id='word_1_256' title='bbox 244 1449 401 1481; x_wconf 91' lang='lat' dir='ltr'>Bononie</span> <span class='ocrx_word' id='word_1_257' title='bbox 424 1449 458 1480; x_wconf 91' lang='lat' dir='ltr'>in</span> <span class='ocrx_word' id='word_1_258' title='bbox 482 1449 631 1480; x_wconf 80' lang='lat' dir='ltr'>maxima</span> <span class='ocrx_word' id='word_1_259' title='bbox 657 1449 844 1491; x_wconf 85' lang='lat' dir='ltr'>quantitate</span> <span class='ocrx_word' id='word_1_260' title='bbox 870 1449 914 1480; x_wconf 90' lang='lat' dir='ltr'>ad</span> <span class='ocrx_word' id='word_1_261' title='bbox 938 1449 1112 1481; x_wconf 89' lang='lat' dir='ltr'>civitatem</span> <span class='ocrx_word' id='word_1_262' title='bbox 1137 1449 1308 1487; x_wconf 88' lang='lat' dir='ltr'>Ferrarie‚</span> <span class='ocrx_word' id='word_1_263' title='bbox 1332 1456 1366 1482; x_wconf 92' lang='lat' dir='ltr'>et</span> <span class='ocrx_word' id='word_1_264' title='bbox 1388 1456 1558 1482; x_wconf 87' lang='lat' dir='ltr'>venerunt</span> <span class='ocrx_word' id='word_1_265' title='bbox 1582 1461 1684 1492; x_wconf 88' lang='lat' dir='ltr'>super</span> <span class='ocrx_word' id='word_1_266' title='bbox 1707 1456 1842 1492; x_wconf 89' lang='lat' dir='ltr'>pratum</span> <span class='ocrx_word' id='word_1_267' title='bbox 1865 1450 1955 1481; x_wconf 90' lang='lat' dir='ltr'>ultra</span> 
     </span>
     <span class='ocr_line' id='line_1_30' title="bbox 107 1500 1953 1544; baseline 0 -10"><span class='ocrx_word' id='word_1_268' title='bbox 107 1502 240 1534; x_wconf 86' lang='lat' dir='ltr'>Padum</span> <span class='ocrx_word' id='word_1_269' title='bbox 275 1508 309 1534; x_wconf 88' lang='lat' dir='ltr'>et</span> <span class='ocrx_word' id='word_1_270' title='bbox 340 1501 384 1534; x_wconf 89' lang='lat' dir='ltr'>ad</span> <span class='ocrx_word' id='word_1_271' title='bbox 415 1500 566 1544; x_wconf 88' lang='lat' dir='ltr'>Burgum</span> <span class='ocrx_word' id='word_1_272' title='bbox 594 1502 815 1543; x_wconf 90' lang='lat' dir='ltr'>superiorem.</span> <span class='ocrx_word' id='word_1_273' title='bbox 862 1502 975 1533; x_wconf 88' lang='lat' dir='ltr'>Etiam</span> <span class='ocrx_word' id='word_1_274' title='bbox 1008 1502 1166 1534; x_wconf 91' lang='lat' dir='ltr'>dominus</span> <span class='ocrx_word' id='word_1_275' title='bbox 1197 1502 1350 1534; x_wconf 89' lang='lat' dir='ltr'>marchio</span> <span class='ocrx_word' id='word_1_276' title='bbox 1381 1503 1587 1535; x_wconf 87' lang='lat' dir='ltr'>Franciscus</span> <span class='ocrx_word' id='word_1_277' title='bbox 1610 1503 1752 1535; x_wconf 89' lang='lat' dir='ltr'>estensis</span> <span class='ocrx_word' id='word_1_278' title='bbox 1785 1513 1861 1534; x_wconf 90' lang='lat' dir='ltr'>cum</span> <span class='ocrx_word' id='word_1_279' title='bbox 1893 1513 1953 1534; x_wconf 93' lang='lat' dir='ltr'>suo</span> 
     </span>
     <span class='ocr_line' id='line_1_31' title="bbox 110 1553 1954 1598; baseline 0 -11"><span class='ocrx_word' id='word_1_280' title='bbox 110 1561 235 1597; x_wconf 87' lang='lat' dir='ltr'>nepote</span> <span class='ocrx_word' id='word_1_281' title='bbox 257 1555 443 1598; x_wconf 86' lang='lat' dir='ltr'>Raynaldo</span> <span class='ocrx_word' id='word_1_282' title='bbox 466 1555 667 1587; x_wconf 84' lang='lat' dir='ltr'>marchione</span> <span class='ocrx_word' id='word_1_283' title='bbox 691 1561 858 1586; x_wconf 88' lang='lat' dir='ltr'>venerunt</span> <span class='ocrx_word' id='word_1_284' title='bbox 881 1553 1076 1586; x_wconf 83' lang='lat' dir='ltr'>Ferrariam</span> <span class='ocrx_word' id='word_1_285' title='bbox 1101 1556 1146 1587; x_wconf 93' lang='lat' dir='ltr'>ad</span> <span class='ocrx_word' id='word_1_286' title='bbox 1170 1554 1301 1586; x_wconf 91' lang='lat' dir='ltr'>dictum</span> <span class='ocrx_word' id='word_1_287' title='bbox 1327 1555 1472 1598; x_wconf 81' lang='lat' dir='ltr'>burg-um</span> <span class='ocrx_word' id='word_1_288' title='bbox 1501 1567 1577 1587; x_wconf 88' lang='lat' dir='ltr'>cum</span> <span class='ocrx_word' id='word_1_289' title='bbox 1609 1565 1734 1598; x_wconf 89' lang='lat' dir='ltr'>magna</span> <span class='ocrx_word' id='word_1_290' title='bbox 1766 1556 1954 1598; x_wconf 87' lang='lat' dir='ltr'>quantitate</span> 
     </span>
     <span class='ocr_line' id='line_1_32' title="bbox 109 1607 1955 1650; baseline 0 -11"><span class='ocrx_word' id='word_1_291' title='bbox 109 1607 351 1639; x_wconf 88' lang='lat' dir='ltr'>Paduanorum</span> <span class='ocrx_word' id='word_1_292' title='bbox 375 1613 410 1639; x_wconf 91' lang='lat' dir='ltr'>et</span> <span class='ocrx_word' id='word_1_293' title='bbox 433 1607 620 1639; x_wconf 87' lang='lat' dir='ltr'>amicorum</span> <span class='ocrx_word' id='word_1_294' title='bbox 645 1608 764 1640; x_wconf 88' lang='lat' dir='ltr'>Padue</span> <span class='ocrx_word' id='word_1_295' title='bbox 789 1613 822 1639; x_wconf 91' lang='lat' dir='ltr'>et</span> <span class='ocrx_word' id='word_1_296' title='bbox 847 1608 891 1640; x_wconf 87' lang='lat' dir='ltr'>de</span> <span class='ocrx_word' id='word_1_297' title='bbox 916 1608 1081 1640; x_wconf 88' lang='lat' dir='ltr'>comitatu</span> <span class='ocrx_word' id='word_1_298' title='bbox 1106 1607 1262 1650; x_wconf 83' lang='lat' dir='ltr'>Rodigii‚</span> <span class='ocrx_word' id='word_1_299' title='bbox 1291 1607 1349 1639; x_wconf 89' lang='lat' dir='ltr'>ubi</span> <span class='ocrx_word' id='word_1_300' title='bbox 1372 1608 1577 1640; x_wconf 90' lang='lat' dir='ltr'>invenerunt</span> <span class='ocrx_word' id='word_1_301' title='bbox 1602 1608 1811 1640; x_wconf 78' lang='lat' dir='ltr'>Honofrium</span> <span class='ocrx_word' id='word_1_302' title='bbox 1827 1608 1838 1624; x_wconf 79' lang='lat'>⁴¹</span> <span class='ocrx_word' id='word_1_303' title='bbox 1863 1608 1955 1650; x_wconf 87' lang='lat' dir='ltr'>lega-</span> 
     </span>
     <span class='ocr_line' id='line_1_33' title="bbox 108 1660 1954 1703; baseline 0 -11"><span class='ocrx_word' id='word_1_304' title='bbox 108 1666 179 1692; x_wconf 90' lang='lat' dir='ltr'>tum</span> <span class='ocrx_word' id='word_1_305' title='bbox 203 1661 238 1692; x_wconf 91' lang='lat' dir='ltr'>in</span> <span class='ocrx_word' id='word_1_306' title='bbox 263 1661 421 1692; x_wconf 88' lang='lat' dir='ltr'>Ferraria</span> <span class='ocrx_word' id='word_1_307' title='bbox 450 1667 483 1693; x_wconf 88' lang='lat' dir='ltr'>et</span> <span class='ocrx_word' id='word_1_308' title='bbox 514 1660 599 1692; x_wconf 83' lang='lat' dir='ltr'>aiios</span> <span class='ocrx_word' id='word_1_309' title='bbox 631 1660 791 1693; x_wconf 89' lang='lat' dir='ltr'>officiales</span> <span class='ocrx_word' id='word_1_310' title='bbox 822 1660 991 1693; x_wconf 87' lang='lat' dir='ltr'>Ecclesie.</span> <span class='ocrx_word' id='word_1_311' title='bbox 1037 1661 1260 1693; x_wconf 89' lang='lat' dir='ltr'>Ferarienses</span> <span class='ocrx_word' id='word_1_312' title='bbox 1283 1661 1470 1693; x_wconf 88' lang='lat' dir='ltr'>timuerunt</span> <span class='ocrx_word' id='word_1_313' title='bbox 1501 1661 1544 1692; x_wconf 94' lang='lat' dir='ltr'>de</span> <span class='ocrx_word' id='word_1_314' title='bbox 1576 1670 1628 1699; x_wconf 86' lang='lat' dir='ltr'>eo,</span> <span class='ocrx_word' id='word_1_315' title='bbox 1661 1661 1754 1703; x_wconf 90' lang='lat' dir='ltr'>quod</span> <span class='ocrx_word' id='word_1_316' title='bbox 1786 1661 1954 1698; x_wconf 73' lang='lat' dir='ltr'>fecerant,</span> 
     </span>
     <span class='ocr_line' id='line_1_34' title="bbox 108 1713 1954 1757; baseline 0 -12"><span class='ocrx_word' id='word_1_317' title='bbox 108 1719 250 1756; x_wconf 85' lang='lat' dir='ltr'>propter</span> <span class='ocrx_word' id='word_1_318' title='bbox 272 1714 457 1745; x_wconf 87' lang='lat' dir='ltr'>adventum</span> <span class='ocrx_word' id='word_1_319' title='bbox 480 1714 733 1755; x_wconf 78' lang='lat' dir='ltr'>predictorum3</span> <span class='ocrx_word' id='word_1_320' title='bbox 759 1719 793 1745; x_wconf 89' lang='lat' dir='ltr'>et</span> <span class='ocrx_word' id='word_1_321' title='bbox 816 1713 1047 1745; x_wconf 85' lang='lat' dir='ltr'>incontinenti</span> <span class='ocrx_word' id='word_1_322' title='bbox 1073 1719 1283 1757; x_wconf 86' lang='lat' dir='ltr'>congregato</span> <span class='ocrx_word' id='word_1_323' title='bbox 1307 1713 1451 1746; x_wconf 88' lang='lat' dir='ltr'>consilio</span> <span class='ocrx_word' id='word_1_324' title='bbox 1475 1714 1510 1744; x_wconf 90' lang='lat' dir='ltr'>in</span> <span class='ocrx_word' id='word_1_325' title='bbox 1533 1714 1703 1752; x_wconf 88' lang='lat' dir='ltr'>Ferraria,</span> <span class='ocrx_word' id='word_1_326' title='bbox 1728 1714 1869 1756; x_wconf 87' lang='lat' dir='ltr'>aliquod</span> <span class='ocrx_word' id='word_1_327' title='bbox 1893 1713 1954 1745; x_wconf 92' lang='lat' dir='ltr'>bo-</span> 
     </span>
     <span class='ocr_line' id='line_1_35' title="bbox 110 1766 1954 1809; baseline 0.001 -12"><span class='ocrx_word' id='word_1_328' title='bbox 110 1778 189 1797; x_wconf 90' lang='lat' dir='ltr'>num</span> <span class='ocrx_word' id='word_1_329' title='bbox 214 1766 304 1798; x_wconf 86' lang='lat' dir='ltr'>inter</span> <span class='ocrx_word' id='word_1_330' title='bbox 327 1777 386 1798; x_wconf 91' lang='lat' dir='ltr'>eos</span> <span class='ocrx_word' id='word_1_331' title='bbox 409 1767 539 1809; x_wconf 84' lang='lat' dir='ltr'>eligere</span> <span class='ocrx_word' id='word_1_332' title='bbox 565 1766 731 1805; x_wconf 89' lang='lat' dir='ltr'>nesciunt,</span> <span class='ocrx_word' id='word_1_333' title='bbox 762 1766 825 1798; x_wconf 88' lang='lat' dir='ltr'>nisi</span> <span class='ocrx_word' id='word_1_334' title='bbox 856 1772 974 1809; x_wconf 88' lang='lat' dir='ltr'>petere</span> <span class='ocrx_word' id='word_1_335' title='bbox 1007 1767 1289 1799; x_wconf 81' lang='lat' dir='ltr'>misericordiam.</span> <span class='ocrx_word' id='word_1_336' title='bbox 1337 1768 1383 1799; x_wconf 88' lang='lat' dir='ltr'>Et</span> <span class='ocrx_word' id='word_1_337' title='bbox 1415 1767 1664 1799; x_wconf 87' lang='lat' dir='ltr'>constituerunt</span> <span class='ocrx_word' id='word_1_338' title='bbox 1694 1767 1954 1805; x_wconf 75' lang='lat' dir='ltr'>ambaxiatores,</span> 
     </span>
     <span class='ocr_line' id='line_1_36' title="bbox 109 1819 1956 1863; baseline 0.001 -12"><span class='ocrx_word' id='word_1_339' title='bbox 109 1830 195 1862; x_wconf 91' lang='lat' dir='ltr'>quos</span> <span class='ocrx_word' id='word_1_340' title='bbox 218 1820 388 1851; x_wconf 81' lang='lat' dir='ltr'>mixerunt</span> <span class='ocrx_word' id='word_1_341' title='bbox 413 1820 570 1852; x_wconf 86' lang='lat' dir='ltr'>Castrum</span> <span class='ocrx_word' id='word_1_342' title='bbox 586 1819 747 1858; x_wconf 88' lang='lat' dir='ltr'>tealdum,</span> <span class='ocrx_word' id='word_1_343' title='bbox 770 1819 829 1851; x_wconf 91' lang='lat' dir='ltr'>ubi</span> <span class='ocrx_word' id='word_1_344' title='bbox 852 1825 925 1852; x_wconf 88' lang='lat' dir='ltr'>erat</span> <span class='ocrx_word' id='word_1_345' title='bbox 949 1820 1062 1852; x_wconf 89' lang='lat' dir='ltr'>dictus</span> <span class='ocrx_word' id='word_1_346' title='bbox 1085 1820 1246 1863; x_wconf 82' lang='lat' dir='ltr'>Legatus,</span> <span class='ocrx_word' id='word_1_347' title='bbox 1265 1821 1426 1852; x_wconf 86' lang='lat' dir='ltr'>dominus</span> <span class='ocrx_word' id='word_1_348' title='bbox 1442 1820 1652 1852; x_wconf 84' lang='lat' dir='ltr'>Franciscus</span> <span class='ocrx_word' id='word_1_349' title='bbox 1668 1821 1834 1859; x_wconf 89' lang='lat' dir='ltr'>marchio,</span> <span class='ocrx_word' id='word_1_350' title='bbox 1858 1820 1956 1863; x_wconf 86' lang='lat' dir='ltr'>Ray-</span> 
     </span>
     <span class='ocr_line' id='line_1_37' title="bbox 109 1872 1954 1915; baseline 0.001 -11"><span class='ocrx_word' id='word_1_351' title='bbox 109 1872 232 1905; x_wconf 89' lang='lat' dir='ltr'>naldus</span> <span class='ocrx_word' id='word_1_352' title='bbox 256 1880 290 1905; x_wconf 87' lang='lat' dir='ltr'>et</span> <span class='ocrx_word' id='word_1_353' title='bbox 325 1873 438 1914; x_wconf 72' lang='lat' dir='ltr'>Obico</span> <span class='ocrx_word' id='word_1_354' title='bbox 473 1873 692 1905; x_wconf 90' lang='lat' dir='ltr'>marchiones</span> <span class='ocrx_word' id='word_1_355' title='bbox 718 1879 749 1904; x_wconf 91' lang='lat' dir='ltr'>et</span> <span class='ocrx_word' id='word_1_356' title='bbox 772 1873 831 1905; x_wconf 89' lang='lat' dir='ltr'>alii</span> <span class='ocrx_word' id='word_1_357' title='bbox 854 1874 1099 1911; x_wconf 83' lang='lat' dir='ltr'>Bononienses,</span> <span class='ocrx_word' id='word_1_358' title='bbox 1125 1874 1169 1905; x_wconf 91' lang='lat' dir='ltr'>ad</span> <span class='ocrx_word' id='word_1_359' title='bbox 1196 1883 1317 1915; x_wconf 91' lang='lat' dir='ltr'>pacem</span> <span class='ocrx_word' id='word_1_360' title='bbox 1341 1873 1574 1905; x_wconf 87' lang='lat' dir='ltr'>tractandam:</span> <span class='ocrx_word' id='word_1_361' title='bbox 1600 1873 1850 1905; x_wconf 88' lang='lat' dir='ltr'>ambassatores</span> <span class='ocrx_word' id='word_1_362' title='bbox 1881 1873 1954 1905; x_wconf 92' lang='lat' dir='ltr'>ive-</span> 
     </span>
     <span class='ocr_line' id='line_1_38' title="bbox 109 1924 1956 1968; baseline 0 -11"><span class='ocrx_word' id='word_1_363' title='bbox 109 1932 188 1958; x_wconf 85' lang='lat' dir='ltr'>runt</span> <span class='ocrx_word' id='word_1_364' title='bbox 212 1936 327 1958; x_wconf 89' lang='lat' dir='ltr'>coram</span> <span class='ocrx_word' id='word_1_365' title='bbox 352 1926 493 1958; x_wconf 90' lang='lat' dir='ltr'>domino</span> <span class='ocrx_word' id='word_1_366' title='bbox 517 1926 661 1968; x_wconf 87' lang='lat' dir='ltr'>Legato,</span> <span class='ocrx_word' id='word_1_367' title='bbox 686 1924 825 1958; x_wconf 89' lang='lat' dir='ltr'>domino</span> <span class='ocrx_word' id='word_1_368' title='bbox 850 1926 1038 1959; x_wconf 85' lang='lat' dir='ltr'>Francisco</span> <span class='ocrx_word' id='word_1_369' title='bbox 1067 1932 1102 1958; x_wconf 88' lang='lat' dir='ltr'>et</span> <span class='ocrx_word' id='word_1_370' title='bbox 1125 1926 1216 1963; x_wconf 84' lang='lat' dir='ltr'>aliis;</span> <span class='ocrx_word' id='word_1_371' title='bbox 1242 1932 1275 1958; x_wconf 89' lang='lat' dir='ltr'>et</span> <span class='ocrx_word' id='word_1_372' title='bbox 1300 1936 1416 1958; x_wconf 84' lang='lat' dir='ltr'>eorum</span> <span class='ocrx_word' id='word_1_373' title='bbox 1440 1926 1556 1958; x_wconf 87' lang='lat' dir='ltr'>verbis</span> <span class='ocrx_word' id='word_1_374' title='bbox 1580 1926 1753 1968; x_wconf 82' lang='lat' dir='ltr'>expositis,</span> <span class='ocrx_word' id='word_1_375' title='bbox 1785 1927 1956 1968; x_wconf 85' lang='lat' dir='ltr'>petierunt</span> 
     </span>
     <span class='ocr_line' id='line_1_39' title="bbox 108 1978 1955 2022; baseline 0 -12"><span class='ocrx_word' id='word_1_376' title='bbox 108 1978 391 2011; x_wconf 90' lang='lat' dir='ltr'>misericordiam.</span> <span class='ocrx_word' id='word_1_377' title='bbox 436 1979 538 2010; x_wconf 90' lang='lat' dir='ltr'>Tunc</span> <span class='ocrx_word' id='word_1_378' title='bbox 562 1979 715 2022; x_wconf 81' lang='lat' dir='ltr'>Legatus</span> <span class='ocrx_word' id='word_1_379' title='bbox 739 1979 966 2022; x_wconf 84' lang='lat' dir='ltr'>congregavit</span> <span class='ocrx_word' id='word_1_380' title='bbox 990 1979 1170 2011; x_wconf 88' lang='lat' dir='ltr'>consilium</span> <span class='ocrx_word' id='word_1_381' title='bbox 1198 1990 1305 2017; x_wconf 89' lang='lat' dir='ltr'>suum,</span> <span class='ocrx_word' id='word_1_382' title='bbox 1332 1985 1364 2011; x_wconf 92' lang='lat' dir='ltr'>et</span> <span class='ocrx_word' id='word_1_383' title='bbox 1386 1979 1533 2011; x_wconf 87' lang='lat' dir='ltr'>finaliter</span> <span class='ocrx_word' id='word_1_384' title='bbox 1563 1979 1820 2021; x_wconf 83' lang='lat' dir='ltr'>responsionem</span> <span class='ocrx_word' id='word_1_385' title='bbox 1852 1979 1955 2011; x_wconf 90' lang='lat' dir='ltr'>talem</span> 
     </span>
     <span class='ocr_line' id='line_1_40' title="bbox 109 2031 1956 2074; baseline -0.001 -11"><span class='ocrx_word' id='word_1_386' title='bbox 109 2032 230 2064; x_wconf 90' lang='lat' dir='ltr'>obtulit</span> <span class='ocrx_word' id='word_1_387' title='bbox 253 2032 313 2070; x_wconf 92' lang='lat' dir='ltr'>eis,</span> <span class='ocrx_word' id='word_1_388' title='bbox 331 2032 423 2074; x_wconf 90' lang='lat' dir='ltr'>quod</span> <span class='ocrx_word' id='word_1_389' title='bbox 447 2033 474 2064; x_wconf 89' lang='lat' dir='ltr'>si</span> <span class='ocrx_word' id='word_1_390' title='bbox 498 2032 563 2074; x_wconf 91' lang='lat' dir='ltr'>ipsi</span> <span class='ocrx_word' id='word_1_391' title='bbox 582 2038 615 2064; x_wconf 92' lang='lat' dir='ltr'>et</span> <span class='ocrx_word' id='word_1_392' title='bbox 639 2032 708 2070; x_wconf 87' lang='lat' dir='ltr'>alii,</span> <span class='ocrx_word' id='word_1_393' title='bbox 733 2032 790 2074; x_wconf 90' lang='lat' dir='ltr'>qui</span> <span class='ocrx_word' id='word_1_394' title='bbox 814 2032 850 2063; x_wconf 87' lang='lat' dir='ltr'>in</span> <span class='ocrx_word' id='word_1_395' title='bbox 874 2033 1034 2065; x_wconf 88' lang='lat' dir='ltr'>Ferraria</span> <span class='ocrx_word' id='word_1_396' title='bbox 1058 2039 1302 2071; x_wconf 78' lang='lat' dir='ltr'>remanserant,</span> <span class='ocrx_word' id='word_1_397' title='bbox 1320 2032 1482 2064; x_wconf 83' lang='lat' dir='ltr'>volebant</span> <span class='ocrx_word' id='word_1_398' title='bbox 1507 2043 1584 2064; x_wconf 91' lang='lat' dir='ltr'>cum</span> <span class='ocrx_word' id='word_1_399' title='bbox 1609 2043 1650 2064; x_wconf 91' lang='lat' dir='ltr'>eo</span> <span class='ocrx_word' id='word_1_400' title='bbox 1667 2043 1800 2074; x_wconf 90' lang='lat' dir='ltr'>pacem,</span> <span class='ocrx_word' id='word_1_401' title='bbox 1817 2031 1956 2064; x_wconf 75' lang='lat' dir='ltr'>volebat</span> 
     </span>
     <span class='ocr_line' id='line_1_41' title="bbox 110 2084 1955 2128; baseline -0.001 -11"><span class='ocrx_word' id='word_1_402' title='bbox 110 2085 256 2128; x_wconf 89' lang='lat' dir='ltr'>aliquam</span> <span class='ocrx_word' id='word_1_403' title='bbox 281 2086 506 2128; x_wconf 88' lang='lat' dir='ltr'>quantitatem</span> <span class='ocrx_word' id='word_1_404' title='bbox 530 2085 698 2117; x_wconf 87' lang='lat' dir='ltr'>bonorum</span> <span class='ocrx_word' id='word_1_405' title='bbox 721 2086 872 2118; x_wconf 89' lang='lat' dir='ltr'>virorum</span> <span class='ocrx_word' id='word_1_406' title='bbox 896 2086 1047 2118; x_wconf 86' lang='lat' dir='ltr'>civitatis</span> <span class='ocrx_word' id='word_1_407' title='bbox 1071 2087 1098 2118; x_wconf 90' lang='lat' dir='ltr'>F</span> <span class='ocrx_word' id='word_1_408' title='bbox 1101 2086 1227 2117; x_wconf 86' lang='lat' dir='ltr'>errarie</span> <span class='ocrx_word' id='word_1_409' title='bbox 1252 2085 1296 2117; x_wconf 89' lang='lat' dir='ltr'>ad</span> <span class='ocrx_word' id='word_1_410' title='bbox 1320 2085 1501 2117; x_wconf 89' lang='lat' dir='ltr'>consilium</span> <span class='ocrx_word' id='word_1_411' title='bbox 1519 2084 1596 2118; x_wconf 87' lang='lat' dir='ltr'>cum</span> <span class='ocrx_word' id='word_1_412' title='bbox 1614 2097 1655 2118; x_wconf 92' lang='lat' dir='ltr'>eo</span> <span class='ocrx_word' id='word_1_413' title='bbox 1674 2086 1717 2118; x_wconf 83' lang='lat' dir='ltr'>ad</span> <span class='ocrx_word' id='word_1_414' title='bbox 1735 2085 1870 2117; x_wconf 82' lang='lat' dir='ltr'>dictam&#39;</span> <span class='ocrx_word' id='word_1_415' title='bbox 1894 2096 1955 2127; x_wconf 85' lang='lat' dir='ltr'>pa-</span> 
     </span>
     <span class='ocr_line' id='line_1_42' title="bbox 111 2138 1956 2181; baseline 0 -11"><span class='ocrx_word' id='word_1_416' title='bbox 111 2148 186 2170; x_wconf 90' lang='lat' dir='ltr'>cem</span> <span class='ocrx_word' id='word_1_417' title='bbox 209 2139 436 2178; x_wconf 88' lang='lat' dir='ltr'>tractandam,</span> <span class='ocrx_word' id='word_1_418' title='bbox 462 2138 510 2170; x_wconf 90' lang='lat' dir='ltr'>ita</span> <span class='ocrx_word' id='word_1_419' title='bbox 533 2138 628 2181; x_wconf 89' lang='lat' dir='ltr'>quod</span> <span class='ocrx_word' id='word_1_420' title='bbox 652 2139 776 2177; x_wconf 85' lang='lat' dir='ltr'>omnia,</span> <span class='ocrx_word' id='word_1_421' title='bbox 801 2149 867 2181; x_wconf 93' lang='lat' dir='ltr'>que</span> <span class='ocrx_word' id='word_1_422' title='bbox 891 2150 955 2180; x_wconf 90' lang='lat' dir='ltr'>pro</span> <span class='ocrx_word' id='word_1_423' title='bbox 980 2139 1050 2171; x_wconf 90' lang='lat' dir='ltr'>illis</span> <span class='ocrx_word' id='word_1_424' title='bbox 1074 2139 1207 2176; x_wconf 85' lang='lat' dir='ltr'>fierent,</span> <span class='ocrx_word' id='word_1_425' title='bbox 1224 2139 1285 2170; x_wconf 89' lang='lat' dir='ltr'>alii</span> <span class='ocrx_word' id='word_1_426' title='bbox 1302 2139 1396 2171; x_wconf 86' lang='lat' dir='ltr'>cives</span> <span class='ocrx_word' id='word_1_427' title='bbox 1413 2139 1506 2170; x_wconf 88' lang='lat' dir='ltr'>dicte</span> <span class='ocrx_word' id='word_1_428' title='bbox 1523 2139 1681 2176; x_wconf 88' lang='lat' dir='ltr'>civitatis,</span> <span class='ocrx_word' id='word_1_429' title='bbox 1699 2138 1843 2180; x_wconf 89' lang='lat' dir='ltr'>quinon</span> <span class='ocrx_word' id='word_1_430' title='bbox 1860 2144 1956 2170; x_wconf 88' lang='lat' dir='ltr'>erant</span> 
     </span>
     <span class='ocr_line' id='line_1_43' title="bbox 109 2191 1955 2233; baseline 0.001 -11"><span class='ocrx_word' id='word_1_431' title='bbox 109 2197 297 2233; x_wconf 87' lang='lat' dir='ltr'>presentes,</span> <span class='ocrx_word' id='word_1_432' title='bbox 320 2191 487 2224; x_wconf 85' lang='lat' dir='ltr'>haberent</span> <span class='ocrx_word' id='word_1_433' title='bbox 509 2192 620 2228; x_wconf 84' lang='lat' dir='ltr'>firma3</span> <span class='ocrx_word' id='word_1_434' title='bbox 646 2197 679 2223; x_wconf 84' lang='lat' dir='ltr'>et</span> <span class='ocrx_word' id='word_1_435' title='bbox 703 2191 746 2223; x_wconf 90' lang='lat' dir='ltr'>de</span> <span class='ocrx_word' id='word_1_436' title='bbox 771 2192 838 2224; x_wconf 93' lang='lat' dir='ltr'>hoc</span> <span class='ocrx_word' id='word_1_437' title='bbox 862 2192 946 2223; x_wconf 88' lang='lat' dir='ltr'>dicti</span> <span class='ocrx_word' id='word_1_438' title='bbox 970 2191 1225 2224; x_wconf 84' lang='lat' dir='ltr'>ambaxiatores</span> <span class='ocrx_word' id='word_1_439' title='bbox 1249 2192 1403 2224; x_wconf 88' lang='lat' dir='ltr'>contenti</span> <span class='ocrx_word' id='word_1_440' title='bbox 1426 2192 1576 2223; x_wconf 77' lang='lat' dir='ltr'>fuerunt.</span> <span class='ocrx_word' id='word_1_441' title='bbox 1622 2192 1667 2223; x_wconf 87' lang='lat' dir='ltr'>Et</span> <span class='ocrx_word' id='word_1_442' title='bbox 1690 2192 1895 2223; x_wconf 87' lang='lat' dir='ltr'>recedentes</span> <span class='ocrx_word' id='word_1_443' title='bbox 1912 2191 1955 2223; x_wconf 87' lang='lat' dir='ltr'>de</span> 
     </span>
     <span class='ocr_line' id='line_1_44' title="bbox 110 2244 1954 2287; baseline -0.001 -11"><span class='ocrx_word' id='word_1_444' title='bbox 110 2250 232 2283; x_wconf 87' lang='lat' dir='ltr'>castro,</span> <span class='ocrx_word' id='word_1_445' title='bbox 257 2245 433 2276; x_wconf 89' lang='lat' dir='ltr'>civitatem</span> <span class='ocrx_word' id='word_1_446' title='bbox 457 2245 643 2283; x_wconf 90' lang='lat' dir='ltr'>redierunt,</span> <span class='ocrx_word' id='word_1_447' title='bbox 669 2250 703 2276; x_wconf 88' lang='lat' dir='ltr'>et</span> <span class='ocrx_word' id='word_1_448' title='bbox 727 2255 843 2277; x_wconf 86' lang='lat' dir='ltr'>coram</span> <span class='ocrx_word' id='word_1_449' title='bbox 866 2246 997 2287; x_wconf 91' lang='lat' dir='ltr'>populo</span> <span class='ocrx_word' id='word_1_450' title='bbox 1022 2245 1271 2277; x_wconf 81' lang='lat' dir='ltr'>nunciaverunt</span> <span class='ocrx_word' id='word_1_451' title='bbox 1295 2245 1536 2287; x_wconf 88' lang='lat' dir='ltr'>responsiones</span> <span class='ocrx_word' id='word_1_452' title='bbox 1561 2245 1610 2276; x_wconf 89' lang='lat' dir='ltr'>eis</span> <span class='ocrx_word' id='word_1_453' title='bbox 1634 2245 1744 2276; x_wconf 87' lang='lat' dir='ltr'>illatas</span> <span class='ocrx_word' id='word_1_454' title='bbox 1760 2255 1821 2286; x_wconf 87' lang='lat' dir='ltr'>per</span> <span class='ocrx_word' id='word_1_455' title='bbox 1845 2244 1954 2276; x_wconf 77' lang='lat' dir='ltr'>domi-</span> 
     </span>
     <span class='ocr_line' id='line_1_45' title="bbox 110 2297 1956 2342; baseline 0 -14"><span class='ocrx_word' id='word_1_456' title='bbox 110 2308 190 2328; x_wconf 92' lang='lat' dir='ltr'>num</span> <span class='ocrx_word' id='word_1_457' title='bbox 213 2297 392 2341; x_wconf 88' lang='lat' dir='ltr'>Legatum.</span> <span class='ocrx_word' id='word_1_458' title='bbox 438 2298 571 2329; x_wconf 90' lang='lat' dir='ltr'>Tamen</span> <span class='ocrx_word' id='word_1_459' title='bbox 596 2297 844 2336; x_wconf 86' lang='lat' dir='ltr'>Ferrarienses‚</span> <span class='ocrx_word' id='word_1_460' title='bbox 869 2297 986 2330; x_wconf 88' lang='lat' dir='ltr'>audita</span> <span class='ocrx_word' id='word_1_461' title='bbox 1010 2298 1243 2340; x_wconf 88' lang='lat' dir='ltr'>responsione,</span> <span class='ocrx_word' id='word_1_462' title='bbox 1273 2299 1512 2342; x_wconf 81' lang='lat' dir='ltr'>cogitaverunt</span> <span class='ocrx_word' id='word_1_463' title='bbox 1535 2297 1698 2329; x_wconf 87' lang='lat' dir='ltr'>malitiam</span> <span class='ocrx_word' id='word_1_464' title='bbox 1722 2298 1956 2339; x_wconf 79' lang='lat' dir='ltr'>ipsorummet,</span> 
     </span>
     <span class='ocr_line' id='line_1_46' title="bbox 110 2350 1955 2393; baseline 0.001 -12"><span class='ocrx_word' id='word_1_465' title='bbox 110 2360 211 2392; x_wconf 90' lang='lat' dir='ltr'>quam</span> <span class='ocrx_word' id='word_1_466' title='bbox 236 2350 492 2388; x_wconf 85' lang='lat' dir='ltr'>commiserant3</span> <span class='ocrx_word' id='word_1_467' title='bbox 511 2357 545 2382; x_wconf 91' lang='lat' dir='ltr'>et</span> <span class='ocrx_word' id='word_1_468' title='bbox 562 2362 632 2382; x_wconf 89' lang='lat' dir='ltr'>non</span> <span class='ocrx_word' id='word_1_469' title='bbox 648 2357 806 2392; x_wconf 88' lang='lat' dir='ltr'>potentes</span> <span class='ocrx_word' id='word_1_470' title='bbox 830 2351 923 2382; x_wconf 90' lang='lat' dir='ltr'>aliud</span> <span class='ocrx_word' id='word_1_471' title='bbox 947 2351 1077 2390; x_wconf 76' lang='lat' dir='ltr'>facere,</span> <span class='ocrx_word' id='word_1_472' title='bbox 1102 2362 1170 2383; x_wconf 87' lang='lat' dir='ltr'>una</span> <span class='ocrx_word' id='word_1_473' title='bbox 1186 2361 1272 2383; x_wconf 88' lang='lat' dir='ltr'>voce</span> <span class='ocrx_word' id='word_1_474' title='bbox 1290 2351 1466 2383; x_wconf 80' lang='lat' dir='ltr'>dixerunt:</span> <span class='ocrx_word' id='word_1_475' title='bbox 1492 2351 1586 2392; x_wconf 64' lang='lat' dir='ltr'>Fiat,</span> <span class='ocrx_word' id='word_1_476' title='bbox 1601 2352 1671 2393; x_wconf 80' lang='lat' dir='ltr'>fat</span> <span class='ocrx_word' id='word_1_477' title='bbox 1686 2355 1718 2382; x_wconf 77' lang='lat' dir='ltr'>et</span> <span class='ocrx_word' id='word_1_478' title='bbox 1734 2351 1782 2382; x_wconf 79' lang='lat' dir='ltr'>sic</span> <span class='ocrx_word' id='word_1_479' title='bbox 1800 2350 1955 2382; x_wconf 72' lang='lat' dir='ltr'>volumus.</span> 
     </span>
     <span class='ocr_line' id='line_1_47' title="bbox 111 2403 1956 2446; baseline 0 -12"><span class='ocrx_word' id='word_1_480' title='bbox 111 2403 230 2444; x_wconf 87' lang='lat' dir='ltr'>Itaque</span> <span class='ocrx_word' id='word_1_481' title='bbox 256 2413 299 2434; x_wconf 79' lang='lat' dir='ltr'>ex</span> <span class='ocrx_word' id='word_1_482' title='bbox 323 2404 371 2434; x_wconf 90' lang='lat' dir='ltr'>eis</span> <span class='ocrx_word' id='word_1_483' title='bbox 395 2403 566 2446; x_wconf 89' lang='lat' dir='ltr'>eligerunt</span> <span class='ocrx_word' id='word_1_484' title='bbox 590 2413 690 2435; x_wconf 79' lang='lat' dir='ltr'>Lxxx</span> <span class='ocrx_word' id='word_1_485' title='bbox 714 2410 747 2436; x_wconf 89' lang='lat' dir='ltr'>et</span> <span class='ocrx_word' id='word_1_486' title='bbox 771 2405 885 2446; x_wconf 89' lang='lat' dir='ltr'>plures</span> <span class='ocrx_word' id='word_1_487' title='bbox 909 2404 1018 2436; x_wconf 89' lang='lat' dir='ltr'>bonos</span> <span class='ocrx_word' id='word_1_488' title='bbox 1041 2404 1197 2436; x_wconf 88' lang='lat' dir='ltr'>homines</span> <span class='ocrx_word' id='word_1_489' title='bbox 1222 2404 1313 2436; x_wconf 87' lang='lat' dir='ltr'>dicte</span> <span class='ocrx_word' id='word_1_490' title='bbox 1339 2403 1499 2441; x_wconf 79' lang='lat' dir='ltr'>civitatis,</span> <span class='ocrx_word' id='word_1_491' title='bbox 1524 2404 1656 2435; x_wconf 88' lang='lat' dir='ltr'>scilicet</span> <span class='ocrx_word' id='word_1_492' title='bbox 1683 2403 1858 2435; x_wconf 91' lang='lat' dir='ltr'>dominum</span> <span class='ocrx_word' id='word_1_493' title='bbox 1888 2403 1956 2434; x_wconf 89' lang='lat' dir='ltr'>Pe-</span> 
     </span>
     <span class='ocr_line' id='line_1_48' title="bbox 110 2455 1956 2502; baseline -0.001 -14"><span class='ocrx_word' id='word_1_494' title='bbox 110 2462 197 2488; x_wconf 91' lang='lat' dir='ltr'>trum</span> <span class='ocrx_word' id='word_1_495' title='bbox 221 2455 266 2488; x_wconf 91' lang='lat' dir='ltr'>de</span> <span class='ocrx_word' id='word_1_496' title='bbox 289 2456 454 2488; x_wconf 82' lang='lat' dir='ltr'>Sifanctis</span> <span class='ocrx_word' id='word_1_497' title='bbox 477 2456 638 2494; x_wconf 89' lang='lat' dir='ltr'>iudicem,</span> <span class='ocrx_word' id='word_1_498' title='bbox 665 2457 840 2489; x_wconf 91' lang='lat' dir='ltr'>dominum</span> <span class='ocrx_word' id='word_1_499' title='bbox 863 2457 1065 2502; x_wconf 57' lang='lat' dir='ltr'>,Caccariam</span> <span class='ocrx_word' id='word_1_500' title='bbox 1090 2457 1134 2488; x_wconf 89' lang='lat' dir='ltr'>de</span> <span class='ocrx_word' id='word_1_501' title='bbox 1164 2457 1274 2489; x_wconf 87' lang='lat' dir='ltr'>Liciis</span> <span class='ocrx_word' id='word_1_502' title='bbox 1305 2456 1466 2495; x_wconf 88' lang='lat' dir='ltr'>iudicem,</span> <span class='ocrx_word' id='word_1_503' title='bbox 1492 2463 1525 2488; x_wconf 89' lang='lat' dir='ltr'>et</span> <span class='ocrx_word' id='word_1_504' title='bbox 1548 2455 1673 2488; x_wconf 89' lang='lat' dir='ltr'>multos</span> <span class='ocrx_word' id='word_1_505' title='bbox 1696 2456 1781 2488; x_wconf 90' lang='lat' dir='ltr'>alios</span> <span class='ocrx_word' id='word_1_506' title='bbox 1812 2455 1956 2495; x_wconf 84' lang='lat' dir='ltr'>iudices,</span> 
     </span>
    </p>
   </div>
   <div class='ocr_carea' id='block_1_9' title="bbox 111 2589 1958 2831">
    <p class='ocr_par' dir='ltr' id='par_1_14' title="bbox 111 2589 1958 2831">
     <span class='ocr_line' id='line_1_49' title="bbox 201 2589 1957 2622; baseline -0.001 -8"><span class='ocrx_word' id='word_1_507' title='bbox 201 2597 224 2614; x_wconf 84' lang='lat'>2.</span> <span class='ocrx_word' id='word_1_508' title='bbox 244 2590 387 2615; x_wconf 74' lang='lat' dir='ltr'>Mal-camo</span> <span class='ocrx_word' id='word_1_509' title='bbox 405 2592 493 2614; x_wconf 77' lang='lat' dir='ltr'>scritto</span> <span class='ocrx_word' id='word_1_510' title='bbox 509 2591 722 2621; x_wconf 70' lang='lat' dir='ltr'>posteriormente</span> <span class='ocrx_word' id='word_1_511' title='bbox 741 2592 770 2614; x_wconf 85' lang='lat' dir='ltr'>in</span> <span class='ocrx_word' id='word_1_512' title='bbox 789 2592 812 2615; x_wconf 85' lang='grc' dir='ltr'><em>Α</em></span> <span class='ocrx_word' id='word_1_513' title='bbox 832 2591 901 2615; x_wconf 83' lang='lat' dir='ltr'>dallo</span> <span class='ocrx_word' id='word_1_514' title='bbox 920 2595 995 2615; x_wconf 78' lang='lat' dir='ltr'>stesso</span> <span class='ocrx_word' id='word_1_515' title='bbox 1014 2592 1110 2622; x_wconf 79' lang='lat' dir='ltr'>copista</span> <span class='ocrx_word' id='word_1_516' title='bbox 1129 2599 1159 2614; x_wconf 77' lang='lat' dir='ltr'>su</span> <span class='ocrx_word' id='word_1_517' title='bbox 1179 2592 1209 2614; x_wconf 78' lang='lat' dir='ltr'>di</span> <span class='ocrx_word' id='word_1_518' title='bbox 1221 2599 1271 2615; x_wconf 79' lang='lat' dir='ltr'>uno</span> <span class='ocrx_word' id='word_1_519' title='bbox 1284 2592 1371 2622; x_wconf 75' lang='lat' dir='ltr'>spazz&#39;o</span> <span class='ocrx_word' id='word_1_520' title='bbox 1392 2591 1498 2614; x_wconf 59' lang='lat' dir='ltr'>laniato</span> <span class='ocrx_word' id='word_1_521' title='bbox 1517 2591 1546 2613; x_wconf 80' lang='lat' dir='ltr'>in</span> <span class='ocrx_word' id='word_1_522' title='bbox 1566 2591 1655 2613; x_wconf 76' lang='lat' dir='ltr'>bz&#39;anco</span> <span class='ocrx_word' id='word_1_523' title='bbox 1678 2603 1708 2607; x_wconf 90' lang='lat'><strong>—</strong></span> <span class='ocrx_word' id='word_1_524' title='bbox 1728 2589 1784 2621; x_wconf 85' lang='lat'><strong>6-7.</strong></span> <span class='ocrx_word' id='word_1_525' title='bbox 1804 2591 1866 2621; x_wconf 76' lang='lat' dir='ltr'>dopo</span> <span class='ocrx_word' id='word_1_526' title='bbox 1885 2597 1957 2622; x_wconf 84' lang='lat' dir='ltr'>papa</span> 
     </span>
     <span class='ocr_line' id='line_1_50' title="bbox 113 2632 1957 2665; baseline -0.001 -10"><span class='ocrx_word' id='word_1_527' title='bbox 113 2632 206 2656; x_wconf 73' lang='lat' dir='ltr'>lacuna</span> <span class='ocrx_word' id='word_1_528' title='bbox 225 2633 254 2655; x_wconf 79' lang='lat' dir='ltr'>in</span> <span class='ocrx_word' id='word_1_529' title='bbox 273 2633 328 2656; x_wconf 88' lang='lat' dir='ltr'>AB</span> <span class='ocrx_word' id='word_1_530' title='bbox 346 2632 424 2657; x_wconf 70' lang='lat' dir='ltr'>Mun.</span> <span class='ocrx_word' id='word_1_531' title='bbox 445 2646 477 2650; x_wconf 73' lang='lat'>—</span> <span class='ocrx_word' id='word_1_532' title='bbox 497 2633 549 2665; x_wconf 85' lang='lat'>6-9.</span> <span class='ocrx_word' id='word_1_533' title='bbox 570 2632 700 2657; x_wconf 79' lang='lat' dir='ltr'>dominus</span> <span class='ocrx_word' id='word_1_534' title='bbox 719 2633 876 2665; x_wconf 80' lang='lat' dir='ltr'>episcopus.</span> <span class='ocrx_word' id='word_1_535' title='bbox 890 2650 914 2657; x_wconf 89' lang='lat'>..</span> <span class='ocrx_word' id='word_1_536' title='bbox 932 2652 937 2658; x_wconf 95' lang='lat'>.</span> <span class='ocrx_word' id='word_1_537' title='bbox 953 2640 991 2657; x_wconf 81' lang='lat' dir='ltr'>xv</span> <span class='ocrx_word' id='word_1_538' title='bbox 1012 2634 1085 2657; x_wconf 83' lang='lat' dir='ltr'>iunii</span> <span class='ocrx_word' id='word_1_539' title='bbox 1107 2642 1154 2656; x_wconf 79' lang='lat' dir='ltr'>om.</span> <span class='ocrx_word' id='word_1_540' title='bbox 1176 2634 1200 2656; x_wconf 86' lang='lat' dir='ltr'><em>B</em></span> <span class='ocrx_word' id='word_1_541' title='bbox 1213 2634 1289 2658; x_wconf 70' lang='lat' dir='ltr'>Mun.</span> <span class='ocrx_word' id='word_1_542' title='bbox 1312 2648 1343 2651; x_wconf 85' lang='lat'><strong>—</strong></span> <span class='ocrx_word' id='word_1_543' title='bbox 1368 2638 1391 2663; x_wconf 77' lang='lat'>7.</span> <span class='ocrx_word' id='word_1_544' title='bbox 1411 2634 1472 2663; x_wconf 67' lang='lat' dir='ltr'>dopa</span> <span class='ocrx_word' id='word_1_545' title='bbox 1492 2633 1568 2663; x_wconf 79' lang='lat' dir='ltr'>Papa</span> <span class='ocrx_word' id='word_1_546' title='bbox 1591 2632 1685 2655; x_wconf 69' lang='lat' dir='ltr'>lacuna</span> <span class='ocrx_word' id='word_1_547' title='bbox 1705 2633 1733 2656; x_wconf 83' lang='lat' dir='ltr'>in</span> <span class='ocrx_word' id='word_1_548' title='bbox 1752 2632 1776 2655; x_wconf 86' lang='grc' dir='ltr'><em>Α</em></span> <span class='ocrx_word' id='word_1_549' title='bbox 1798 2645 1830 2650; x_wconf 93' lang='grc'>-</span> <span class='ocrx_word' id='word_1_550' title='bbox 1850 2633 1874 2658; x_wconf 90' lang='lat'>8.</span> <span class='ocrx_word' id='word_1_551' title='bbox 1895 2633 1957 2662; x_wconf 79' lang='lat' dir='ltr'>dopo</span> 
     </span>
     <span class='ocr_line' id='line_1_51' title="bbox 112 2674 1958 2706; baseline -0.001 -8"><span class='ocrx_word' id='word_1_552' title='bbox 112 2674 267 2698; x_wconf 80' lang='lat' dir='ltr'>vocabatur</span> <span class='ocrx_word' id='word_1_553' title='bbox 285 2675 380 2698; x_wconf 76' lang='lat' dir='ltr'>lacuna</span> <span class='ocrx_word' id='word_1_554' title='bbox 398 2675 428 2698; x_wconf 87' lang='lat' dir='ltr'>in</span> <span class='ocrx_word' id='word_1_555' title='bbox 446 2675 470 2698; x_wconf 81' lang='lat' dir='ltr'><em>A</em></span> <span class='ocrx_word' id='word_1_556' title='bbox 490 2689 522 2693; x_wconf 85' lang='lat'>—</span> <span class='ocrx_word' id='word_1_557' title='bbox 546 2681 584 2699; x_wconf 90' lang='lat'>10.</span> <span class='ocrx_word' id='word_1_558' title='bbox 604 2675 666 2705; x_wconf 83' lang='lat' dir='ltr'>dopo</span> <span class='ocrx_word' id='word_1_559' title='bbox 685 2675 800 2699; x_wconf 76' lang='lat' dir='ltr'>civitate</span> <span class='ocrx_word' id='word_1_560' title='bbox 820 2676 849 2697; x_wconf 64' lang='lat' dir='ltr'>da*</span> <span class='ocrx_word' id='word_1_561' title='bbox 868 2683 942 2698; x_wconf 81' lang='lat' dir='ltr'>mano</span> <span class='ocrx_word' id='word_1_562' title='bbox 962 2675 1004 2698; x_wconf 77' lang='lat' dir='ltr'>del</span> <span class='ocrx_word' id='word_1_563' title='bbox 1016 2675 1093 2698; x_wconf 72' lang='lat' dir='ltr'>secolo</span> <span class='ocrx_word' id='word_1_564' title='bbox 1107 2675 1278 2706; x_wconf 73' lang='lat' dir='ltr'>XVIIsegzcc</span> <span class='ocrx_word' id='word_1_565' title='bbox 1290 2684 1298 2699; x_wconf 85' lang='lat'>.·</span> <span class='ocrx_word' id='word_1_566' title='bbox 1314 2675 1399 2698; x_wconf 78' lang='lat' dir='ltr'>imino</span> <span class='ocrx_word' id='word_1_567' title='bbox 1415 2675 1522 2698; x_wconf 84' lang='lat' dir='ltr'>occisus</span> <span class='ocrx_word' id='word_1_568' title='bbox 1536 2681 1552 2698; x_wconf 87' lang='lat' dir='ltr'>a</span> <span class='ocrx_word' id='word_1_569' title='bbox 1566 2674 1687 2705; x_wconf 76' lang='lat' dir='ltr'>quadam</span> <span class='ocrx_word' id='word_1_570' title='bbox 1702 2674 1797 2698; x_wconf 85' lang='lat' dir='ltr'>vetula</span> <span class='ocrx_word' id='word_1_571' title='bbox 1809 2681 1871 2697; x_wconf 89' lang='lat' dir='ltr'>cum</span> <span class='ocrx_word' id='word_1_572' title='bbox 1886 2681 1958 2697; x_wconf 90' lang='lat' dir='ltr'>mor-</span> 
     </span>
     <span class='ocr_line' id='line_1_52' title="bbox 111 2715 1957 2749; baseline -0.001 -9"><span class='ocrx_word' id='word_1_573' title='bbox 111 2715 184 2740; x_wconf 74' lang='lat' dir='ltr'>tario</span> <span class='ocrx_word' id='word_1_574' title='bbox 202 2715 353 2740; x_wconf 72' lang='lat' dir='ltr'>fulminata</span> <span class='ocrx_word' id='word_1_575' title='bbox 366 2717 400 2740; x_wconf 87' lang='lat' dir='ltr'>de</span> <span class='ocrx_word' id='word_1_576' title='bbox 413 2716 536 2740; x_wconf 72' lang='lat' dir='ltr'>fenestra</span> <span class='ocrx_word' id='word_1_577' title='bbox 549 2723 637 2749; x_wconf 86' lang='lat' dir='ltr'>prope</span> <span class='ocrx_word' id='word_1_578' title='bbox 652 2716 811 2748; x_wconf 85' lang='lat' dir='ltr'>orologium</span> <span class='ocrx_word' id='word_1_579' title='bbox 826 2716 854 2740; x_wconf 89' lang='lat' dir='ltr'>in</span> <span class='ocrx_word' id='word_1_580' title='bbox 870 2717 960 2748; x_wconf 81' lang='lat' dir='ltr'>platea</span> <span class='ocrx_word' id='word_1_581' title='bbox 974 2717 1068 2741; x_wconf 83' lang='lat' dir='ltr'>Sancti</span> <span class='ocrx_word' id='word_1_582' title='bbox 1083 2717 1172 2740; x_wconf 77' lang='lat' dir='ltr'>Marci</span> <span class='ocrx_word' id='word_1_583' title='bbox 1187 2730 1218 2733; x_wconf 89' lang='lat'>——</span> <span class='ocrx_word' id='word_1_584' title='bbox 1236 2724 1276 2748; x_wconf 82' lang='lat'>14.</span> <span class='ocrx_word' id='word_1_585' title='bbox 1289 2717 1351 2747; x_wconf 76' lang='lat' dir='ltr'>dopo</span> <span class='ocrx_word' id='word_1_586' title='bbox 1366 2716 1516 2741; x_wconf 73' lang='lat' dir='ltr'>Cui-rentes</span> <span class='ocrx_word' id='word_1_587' title='bbox 1530 2716 1605 2739; x_wconf 63' lang='lat' dir='ltr'>Mun.</span> <span class='ocrx_word' id='word_1_588' title='bbox 1620 2724 1678 2747; x_wconf 67' lang='lat' dir='ltr'>agg.</span> <span class='ocrx_word' id='word_1_589' title='bbox 1695 2723 1742 2748; x_wconf 83' lang='lat' dir='ltr'>per</span> <span class='ocrx_word' id='word_1_590' title='bbox 1753 2729 1786 2732; x_wconf 97' lang='lat'><strong>—</strong></span> <span class='ocrx_word' id='word_1_591' title='bbox 1801 2721 1842 2746; x_wconf 80' lang='lat'>25.</span> <span class='ocrx_word' id='word_1_592' title='bbox 1855 2715 1957 2746; x_wconf 82' lang='lat' dir='ltr'>Paduc]</span> 
     </span>
     <span class='ocr_line' id='line_1_53' title="bbox 111 2756 1957 2790; baseline -0.002 -9"><span class='ocrx_word' id='word_1_593' title='bbox 111 2756 177 2781; x_wconf 86' lang='lat' dir='ltr'>Pad.</span> <span class='ocrx_word' id='word_1_594' title='bbox 196 2758 240 2785; x_wconf 83' lang='lat' dir='ltr'>A,-</span> <span class='ocrx_word' id='word_1_595' title='bbox 259 2757 455 2782; x_wconf 81' lang='lat' dir='ltr'>Paduanorum</span> <span class='ocrx_word' id='word_1_596' title='bbox 468 2758 493 2780; x_wconf 89' lang='lat' dir='ltr'><em>B</em></span> <span class='ocrx_word' id='word_1_597' title='bbox 507 2758 585 2782; x_wconf 73' lang='lat' dir='ltr'>MUR.</span> <span class='ocrx_word' id='word_1_598' title='bbox 601 2771 633 2774; x_wconf 97' lang='lat'><strong>—</strong></span> <span class='ocrx_word' id='word_1_599' title='bbox 648 2763 690 2787; x_wconf 75' lang='lat'><strong>2-7.</strong></span> <span class='ocrx_word' id='word_1_600' title='bbox 704 2758 902 2789; x_wconf 84' lang='lat' dir='ltr'>predictorum]</span> <span class='ocrx_word' id='word_1_601' title='bbox 922 2758 1036 2790; x_wconf 79' lang='lat' dir='ltr'>predict.</span> <span class='ocrx_word' id='word_1_602' title='bbox 1054 2759 1098 2785; x_wconf 73' lang='grc' dir='ltr'>Β,-</span> <span class='ocrx_word' id='word_1_603' title='bbox 1117 2758 1274 2790; x_wconf 85' lang='lat' dir='ltr'>predictum</span> <span class='ocrx_word' id='word_1_604' title='bbox 1294 2759 1371 2782; x_wconf 70' lang='lat' dir='ltr'>Mun.</span> <span class='ocrx_word' id='word_1_605' title='bbox 1393 2771 1425 2774; x_wconf 90' lang='lat'>—</span> <span class='ocrx_word' id='word_1_606' title='bbox 1447 2764 1488 2788; x_wconf 85' lang='lat'>29.</span> <span class='ocrx_word' id='word_1_607' title='bbox 1508 2756 1612 2788; x_wconf 83' lang='lat' dir='ltr'>dictus]</span> <span class='ocrx_word' id='word_1_608' title='bbox 1633 2757 1762 2780; x_wconf 68' lang='lat' dir='ltr'>domfnus</span> <span class='ocrx_word' id='word_1_609' title='bbox 1782 2758 1806 2780; x_wconf 78' lang='lat' dir='ltr'><em>B</em></span> <span class='ocrx_word' id='word_1_610' title='bbox 1826 2757 1903 2780; x_wconf 73' lang='lat' dir='ltr'>Mun.</span> <span class='ocrx_word' id='word_1_611' title='bbox 1925 2769 1957 2773; x_wconf 91' lang='lat'><strong>—</strong></span> 
     </span>
     <span class='ocr_line' id='line_1_54' title="bbox 112 2798 1957 2831; baseline -0.001 -9"><span class='ocrx_word' id='word_1_612' title='bbox 112 2798 153 2829; x_wconf 83' lang='lat'>36.</span> <span class='ocrx_word' id='word_1_613' title='bbox 169 2798 259 2830; x_wconf 84' lang='lat' dir='ltr'>firma]</span> <span class='ocrx_word' id='word_1_614' title='bbox 281 2799 388 2822; x_wconf 85' lang='lat' dir='ltr'>firmum</span> <span class='ocrx_word' id='word_1_615' title='bbox 407 2799 430 2822; x_wconf 84' lang='lat' dir='ltr'><em>A</em></span> <span class='ocrx_word' id='word_1_616' title='bbox 452 2812 461 2816; x_wconf 99' lang='lat'>-</span> <span class='ocrx_word' id='word_1_617' title='bbox 482 2800 642 2824; x_wconf 80' lang='lat' dir='ltr'>recendent.</span> <span class='ocrx_word' id='word_1_618' title='bbox 657 2800 680 2823; x_wconf 86' lang='grc' dir='ltr'><em>Α</em></span> <span class='ocrx_word' id='word_1_619' title='bbox 695 2813 728 2816; x_wconf 94' lang='grc'><strong>-</strong></span> <span class='ocrx_word' id='word_1_620' title='bbox 747 2806 789 2830; x_wconf 86' lang='lat'>40.</span> <span class='ocrx_word' id='word_1_621' title='bbox 803 2800 896 2831; x_wconf 81' lang='lat' dir='ltr'>itaque</span> <span class='ocrx_word' id='word_1_622' title='bbox 912 2800 1006 2830; x_wconf 79' lang='lat' dir='ltr'>MUR.3</span> <span class='ocrx_word' id='word_1_623' title='bbox 1025 2799 1068 2824; x_wconf 78' lang='lat' dir='ltr'>Ita</span> <span class='ocrx_word' id='word_1_624' title='bbox 1087 2800 1161 2830; x_wconf 87' lang='lat' dir='ltr'>quod</span> <span class='ocrx_word' id='word_1_625' title='bbox 1182 2801 1205 2822; x_wconf 72' lang='lat' dir='ltr'><em>A</em></span> <span class='ocrx_word' id='word_1_626' title='bbox 1250 2813 1257 2815; x_wconf 63' lang='lat'><strong>&gt;</strong></span> <span class='ocrx_word' id='word_1_627' title='bbox 1273 2806 1314 2830; x_wconf 82' lang='lat'>41.</span> <span class='ocrx_word' id='word_1_628' title='bbox 1331 2798 1361 2823; x_wconf 80' lang='lat' dir='ltr'>Si</span> <span class='ocrx_word' id='word_1_629' title='bbox 1380 2800 1409 2822; x_wconf 66' lang='lat' dir='ltr'>dt·</span> <span class='ocrx_word' id='word_1_630' title='bbox 1427 2798 1563 2823; x_wconf 76' lang='lat' dir='ltr'>Sifanctis</span> <span class='ocrx_word' id='word_1_631' title='bbox 1576 2806 1635 2830; x_wconf 76' lang='lat' dir='ltr'>agg.</span> <span class='ocrx_word' id='word_1_632' title='bbox 1656 2799 1866 2822; x_wconf 71' lang='lat' dir='ltr'>nelc’interltneo</span> <span class='ocrx_word' id='word_1_633' title='bbox 1887 2800 1914 2821; x_wconf 82' lang='lat' dir='ltr'>in</span> <span class='ocrx_word' id='word_1_634' title='bbox 1934 2799 1957 2821; x_wconf 81' lang='grc' dir='ltr'><em>Α</em></span> 
     </span>
    </p>
   </div>
   <div class='ocr_carea' id='block_1_10' title="bbox 198 2876 2018 2910">
    <p class='ocr_par' dir='ltr' id='par_1_15' title="bbox 198 2876 2018 2910">
     <span class='ocr_line' id='line_1_55' title="bbox 198 2876 2018 2910; baseline -0.001 -8"><span class='ocrx_word' id='word_1_635' title='bbox 198 2876 206 2892; x_wconf 82' lang='lat'><strong>¹</strong></span> <span class='ocrx_word' id='word_1_636' title='bbox 226 2878 424 2902; x_wconf 81' lang='lat' dir='ltr'>Sant&#39;Alberto</span> <span class='ocrx_word' id='word_1_637' title='bbox 435 2877 564 2903; x_wconf 77' lang='lat' dir='ltr'>frazione</span> <span class='ocrx_word' id='word_1_638' title='bbox 578 2879 620 2903; x_wconf 82' lang='lat' dir='ltr'>del</span> <span class='ocrx_word' id='word_1_639' title='bbox 639 2886 757 2903; x_wconf 83' lang='lat' dir='ltr'>comune</span> <span class='ocrx_word' id='word_1_640' title='bbox 776 2879 804 2902; x_wconf 82' lang='lat' dir='ltr'>di</span> <span class='ocrx_word' id='word_1_641' title='bbox 826 2879 970 2903; x_wconf 85' lang='lat' dir='ltr'>Ravenna.</span> <span class='ocrx_word' id='word_1_642' title='bbox 1148 2877 1160 2893; x_wconf 80' lang='grc'>3</span> <span class='ocrx_word' id='word_1_643' title='bbox 1181 2880 1278 2903; x_wconf 64' lang='lat' dir='ltr'>Areva</span> <span class='ocrx_word' id='word_1_644' title='bbox 1296 2886 1380 2910; x_wconf 85' lang='lat' dir='ltr'>preso</span> <span class='ocrx_word' id='word_1_645' title='bbox 1400 2879 1479 2909; x_wconf 83' lang='lat' dir='ltr'>parte</span> <span class='ocrx_word' id='word_1_646' title='bbox 1499 2878 1553 2902; x_wconf 84' lang='lat' dir='ltr'>alla</span> <span class='ocrx_word' id='word_1_647' title='bbox 1575 2877 1681 2902; x_wconf 82' lang='lat' dir='ltr'>famosa</span> <span class='ocrx_word' id='word_1_648' title='bbox 1700 2878 1834 2910; x_wconf 82' lang='lat' dir='ltr'>congiura</span> <span class='ocrx_word' id='word_1_649' title='bbox 1853 2879 1955 2902; x_wconf 78' lang='lat' dir='ltr'>contro</span> <span class='ocrx_word' id='word_1_650' title='bbox 1987 2885 2018 2901; x_wconf 87' lang='lat'>10</span> 
     </span>
    </p>
   </div>
   <div class='ocr_carea' id='block_1_11' title="bbox 109 2917 1762 2995">
    <p class='ocr_par' dir='ltr' id='par_1_16' title="bbox 109 2917 1762 2995">
     <span class='ocr_line' id='line_1_56' title="bbox 196 2917 1481 2952; baseline -0.001 -7"><span class='ocrx_word' id='word_1_651' title='bbox 196 2917 206 2934; x_wconf 72' lang='lat'>‘²</span> <span class='ocrx_word' id='word_1_652' title='bbox 233 2920 325 2945; x_wconf 85' lang='lat' dir='ltr'>Guido</span> <span class='ocrx_word' id='word_1_653' title='bbox 355 2920 388 2943; x_wconf 76' lang='lat' dir='ltr'>de</span> <span class='ocrx_word' id='word_1_654' title='bbox 417 2919 541 2951; x_wconf 85' lang='lat' dir='ltr'>Capello.</span> <span class='ocrx_word' id='word_1_655' title='bbox 579 2920 675 2949; x_wconf 78' lang='lat' dir='ltr'>GAMS,</span> <span class='ocrx_word' id='word_1_656' title='bbox 706 2921 792 2944; x_wconf 71' lang='lat' dir='ltr'>Series</span> <span class='ocrx_word' id='word_1_657' title='bbox 820 2922 1006 2952; x_wconf 69' lang='lat' dir='ltr'>cpiscoporum,</span> <span class='ocrx_word' id='word_1_658' title='bbox 1062 2921 1080 2943; x_wconf 84' lang='lat' dir='ltr'>il</span> <span class='ocrx_word' id='word_1_659' title='bbox 1103 2921 1174 2952; x_wconf 72' lang='lat' dir='ltr'>&lt;loge</span> <span class='ocrx_word' id='word_1_660' title='bbox 1193 2920 1288 2944; x_wconf 86' lang='lat' dir='ltr'>Pietro</span> <span class='ocrx_word' id='word_1_661' title='bbox 1308 2919 1481 2951; x_wconf 80' lang='lat' dir='ltr'>Gradenigo.</span> 
     </span>
     <span class='ocr_line' id='line_1_57' title="bbox 109 2960 1762 2995; baseline 0 -9"><span class='ocrx_word' id='word_1_662' title='bbox 109 2969 137 2995; x_wconf 83' lang='lat' dir='ltr'>p.</span> <span class='ocrx_word' id='word_1_663' title='bbox 155 2961 216 2993; x_wconf 78' lang='lat'>694.</span> <span class='ocrx_word' id='word_1_664' title='bbox 1149 2960 1157 2973; x_wconf 64' lang='lat'>⁴</span> <span class='ocrx_word' id='word_1_665' title='bbox 1178 2961 1300 2986; x_wconf 78' lang='lat' dir='ltr'>Onofrio</span> <span class='ocrx_word' id='word_1_666' title='bbox 1321 2961 1362 2985; x_wconf 79' lang='lat' dir='ltr'>de’</span> <span class='ocrx_word' id='word_1_667' title='bbox 1384 2961 1469 2985; x_wconf 83' lang='lat' dir='ltr'>Trebi</span> <span class='ocrx_word' id='word_1_668' title='bbox 1489 2962 1602 2985; x_wconf 81' lang='lat' dir='ltr'>Decano</span> <span class='ocrx_word' id='word_1_669' title='bbox 1622 2961 1650 2985; x_wconf 87' lang='lat' dir='ltr'>di</span> <span class='ocrx_word' id='word_1_670' title='bbox 1671 2961 1762 2986; x_wconf 77' lang='lat' dir='ltr'>Mean.</span> 
     </span>
    </p>
   </div>
   <div class='ocr_carea' id='block_1_12' title="bbox 2027 400 2113 424">
    <p class='ocr_par' dir='ltr' id='par_1_17' title="bbox 2027 400 2113 424">
     <span class='ocr_line' id='line_1_58' title="bbox 2027 400 2113 424; baseline -0.012 -3"><span class='ocrx_word' id='word_1_671' title='bbox 2027 408 2046 422; x_wconf 82' lang='lat' dir='ltr'>c.</span> <span class='ocrx_word' id='word_1_672' title='bbox 2062 400 2089 424; x_wconf 69' lang='lat'>03</span> <span class='ocrx_word' id='word_1_673' title='bbox 2100 408 2113 420; x_wconf 75' lang='lat' dir='ltr'><em>v</em></span> 
     </span>
    </p>
   </div>
   <div class='ocr_carea' id='block_1_13' title="bbox 2031 982 2161 1006">
    <p class='ocr_par' dir='ltr' id='par_1_18' title="bbox 2031 982 2161 1006">
     <span class='ocr_line' id='line_1_59' title="bbox 2031 982 2161 1006; baseline 0.008 -5"><span class='ocrx_word' id='word_1_674' title='bbox 2031 983 2106 1006; x_wconf 62' lang='lat' dir='ltr'>Mun,</span> <span class='ocrx_word' id='word_1_675' title='bbox 2121 982 2161 1002; x_wconf 77' lang='lat'>350</span> 
     </span>
    </p>
   </div>
  </div>
 </body>
</html>
