2297 3476
100 1210 139 1230 Mu.-

197 790 233 808 77*

144 1216 175 1230 R..
193 1210 232 1229 313

252 2899 283 2916 10
311 2890 344 2913 II.
367 2890 428 2917 SS„
448 2890 522 2920 VIII,
542 2897 568 2922 p.
592 2895 632 2921 17,
652 2897 746 2914 nuova
766 2890 891 2914 edizione
912 2891 1045 2915 Bonardi.

312 157 360 192 26
947 155 1259 191 CHRONICON
1288 154 1521 190 ESTENSE
1854 157 1937 194 [AA.
1958 161 2153 194 1255-1256]

396 289 529 320 Eodem
543 286 720 318 millesimo
735 286 827 317 circa
839 285 1045 327 principium
1059 285 1184 326 aprelis
1195 285 1391 316 Tridentini
1404 284 1637 327 gravissimum
1650 284 1764 328 iugum
1778 285 1995 328 tyranpnidis
2006 286 2155 318 Ecellini

310 353 329 373 a
341 342 410 374 suis
423 339 614 372 cervicibus
630 344 857 375 excuxerunt3
875 338 919 369 ad
936 347 1021 379 quos
1038 337 1257 378 oprimendos
1273 336 1427 369 validum
1444 336 1631 368 exercitum
1646 347 1708 378 per
1723 338 1849 369 vallem
1867 338 2040 381 Suganam
2057 339 2154 370 festi-

309 401 430 426 nanter
442 393 573 432 direxit,
587 392 646 434 qui
658 391 764 423 multa
777 396 889 422 castra
902 396 935 422 et
947 390 1045 422 villas
1059 400 1176 422 eorum
1189 396 1257 421 tam
1271 389 1440 421 incendiis
1453 399 1554 431 quam
1567 389 1601 420 in
1613 390 1741 431 rapinis
1754 389 1938 422 crudeliter
1953 392 2155 424 devastavit.

395 447 528 479 Eodem
542 451 707 486 tempore.
723 443 914 476 Ecellinum
933 443 976 475 de
987 444 1097 486 Egna,
1114 443 1219 474 filium
1235 442 1359 474 sororis
1375 443 1455 474 suel
1475 443 1623 474 coniecit
1638 442 1674 473 in
1691 443 1836 475 vinculis
1853 449 1886 475 et
1901 444 2130 490 §liramontem
2144 444 2156 462 ²

309 501 380 532 eius
404 501 545 532 fratrem
570 498 671 530 variis
693 497 870 529 tormentis
895 502 928 529 et
951 496 1042 528 fame
1068 496 1223 538 peremit.
1272 495 1344 532 Qui
1373 505 1455 538 ergo
1486 495 1585 527 fratri
1609 502 1642 528 et
1669 496 1850 537 nepotibus
1881 508 1950 529 non
1980 498 2152 540 pepercit3

308 564 377 585 non
401 558 473 585 erat
496 552 627 589 mirum,
651 551 679 582 si
703 561 805 592 super
830 555 1010 582 extraneos
1033 549 1126 580 nulla
1149 548 1384 581 misericordia
1411 547 1622 581 movebatur.

1134 644 1332 678 MCCLVI.

396 721 449 753 De
472 731 589 753 mense
614 719 737 751 martii.
783 719 970 761 Instigante
994 717 1280 750 venenantissimo
1298 717 1439 750 colubro
1457 718 1615 750 Ecellino
1639 719 1788 762 Bryssya
1804 726 1854 750 est
1870 719 1961 751 civili
1981 719 2156 752 discordia

308 773 523 817 per'turbata.
569 773 653 805 Pars
668 772 826 804 Ecclesie
850 771 1077 810 succumbuit,
1093 781 1172 812 pars
1187 781 1270 803 vero
1289 770 1439 802 Ecellini
1457 770 1603 803 obtinuit
1620 771 1839 804 dominatum.
1885 772 2016 803 Tamen
2038 773 2074 803 in
2090 774 2157 804 hoc

308 828 455 860 victores
478 827 617 858 fuerunt
641 825 775 863 abstuti,
800 823 893 867 quod
917 830 1098 868 tyrapnum
1117 824 1388 856 crudelissimum
1406 824 1576 856 civitatem
1601 824 1736 866 ingredi
1759 825 1896 857 minime
1919 825 2158 867 permiserunt,

308 881 352 913 ad
375 880 527 922 regimen
550 879 698 922 Bryssye
724 876 971 910 Griffolinum³
996 888 1092 908 suum
1109 877 1230 915 civem,
1248 877 1358 918 patrie
1383 882 1579 915 amatorem,
1596 877 1754 919 protinus
1779 877 1956 920 eligentes.
2002 878 2159 910 Ecellino

308 943 399 971 vero,
424 932 491 963 iam
516 942 592 963 cum
617 931 772 963 exercitu
787 930 942 973 ingresso
958 930 1115 962 Montem
1134 929 1272 968 clarum,
1289 936 1532 971 persuaserunt
1554 929 1666 962 redire
1690 930 1877 970 Veronam,
1892 930 2006 962 verbis
2029 936 2063 962 et
2079 941 2159 973 pro-

311 985 527 1018 missionibus
551 985 622 1016 eius
646 984 860 1016 ferocitatem
884 983 997 1021 animi,
1022 983 1066 1014 ad
1090 983 1341 1015 internitionem
1365 983 1590 1025 superparati,
1614 983 1786 1027 sagaciter
1809 984 2012 1026 mitigantes.

395 1039 529 1071 Eodem
552 1047 642 1070 anno
665 1037 853 1075 Ecellinus,
879 1036 933 1069 cui
956 1036 1133 1078 proprium
1157 1042 1229 1068 erat
1254 1047 1438 1080 numquam
1462 1046 1616 1078 parcere,
1634 1047 1700 1068 nec
1719 1037 1819 1068 etiam
1834 1037 1998 1076 misereri,
2014 1037 2157 1069 Bontra-

307 1092 464 1125 versum⁴
488 1103 583 1123 suum
607 1100 764 1122 socerum
789 1101 866 1122 cum
891 1089 967 1121 filiis
990 1090 1058 1121 suis
1082 1089 1175 1131 cepit
1199 1095 1232 1121 et
1255 1090 1291 1121 in
1316 1099 1456 1121 carcere
1473 1089 1671 1133 gravissimo
1695 1089 1795 1121 famis
1820 1090 1971 1121 cruciatu
2004 1090 2160 1132 peremit.

310 1146 346 1179 Si
370 1156 473 1178 causa
495 1145 648 1188 queritur
673 1143 853 1185 captionis,
877 1143 1031 1175 breviter
1053 1143 1311 1185 respondemus,
1336 1143 1416 1185 quia
1441 1142 1606 1182 omnibus,
1631 1153 1716 1185 quos
1744 1143 1882 1175 volebat
1912 1149 2078 1185 tyrapnus
2102 1153 2161 1175 oc-

311 1199 437 1237 cidere,
461 1198 596 1231 titulum
619 1196 844 1240 prodictionis
868 1196 1075 1239 generaliter
1099 1195 1324 1238 'opponebat.

400 1252 501 1284 Circa
524 1252 590 1283 hec
613 1256 779 1293 tempora,
805 1261 882 1282 cum
906 1249 1123 1281 inestimabili
1148 1250 1350 1282 crudelitate
1368 1250 1564 1293 nequissimi
1581 1250 1740 1288 Ecellini,
1757 1255 1794 1281 ut
1810 1249 2012 1293 yperbolice
2029 1249 2160 1292 loquar,

311 1306 535 1339 admiraretur
560 1304 682 1344 celum,
706 1303 901 1336 turbaretur
924 1309 1025 1342 terra,
1049 1303 1190 1335 horeret
1213 1303 1380 1342 infernus,
1405 1309 1700 1335 commoverentur
1716 1313 1827 1345 reges,
1846 1309 1880 1335 et
1902 1302 2077 1345 principes
2101 1313 2160 1334 na-

308 1360 448 1397 tionum,
471 1357 669 1391 Alexander
692 1368 794 1400 papa,
818 1356 980 1398 precibus
1004 1355 1219 1388 Mat-chionis
1243 1356 1385 1388 estensis
1402 1362 1435 1388 et
1459 1357 1600 1388 aliorum
1624 1362 1819 1400 magnatum
1839 1355 1995 1387 Marchie
2017 1356 2160 1387 inclina-

307 1419 371 1452 tus,
395 1412 453 1454 qui
482 1417 603 1444 contra
635 1410 807 1442 efficacem
829 1409 1003 1441 inimicum
1034 1409 1197 1441 auxilium
1221 1409 1380 1442 Ecclesie
1413 1409 1651 1451 implorabant,
1683 1410 1727 1441 de
1760 1409 1903 1441 consilio
1935 1408 2160 1440 cardinalium

309 1465 456 1498 officium
480 1464 658 1507 legationis
680 1463 891 1496 Lombardie
916 1469 950 1494 et
973 1463 1142 1501 Marchie‚
1165 1472 1232 1494 nec
1264 1473 1333 1494 non
1366 1469 1399 1494 et
1422 1463 1654 1494 Romandiole
1689 1462 1855 1495 commisit
1879 1462 1951 1494 viro
1975 1462 2160 1504 magnifico

310 1525 343 1551 et
365 1517 537 1560 prudenti,
561 1517 693 1549 scilicet
710 1516 848 1549 domino
865 1516 1050 1559 Phylyppo
1068 1516 1329 1558 archiepiscopo
1346 1516 1534 1555 ravennati,
1552 1515 1732 1559 iniungens
1755 1515 1786 1547 ei
1809 1515 1996 1557 spetialiter
2012 1515 2046 1546 in
2065 1525 2160 1546 man-

307 1572 406 1610 datis,
428 1578 466 1602 ut
489 1571 533 1602 ad
556 1570 813 1612 reprimendum
838 1569 1086 1601 contumaciam
1110 1569 1232 1611 perfidi
1254 1569 1412 1607 Ecellini,
1437 1569 1495 1611 qui
1511 1580 1531 1600 a
1547 1569 1637 1600 bone
1655 1568 1820 1600 memorie
1845 1579 1936 1610 papa
1959 1567 2160 1600 Innocentio

307 1631 478 1667 tamquam
502 1623 675 1655 hereticus
691 1623 805 1654 fuerat
823 1621 1107 1664 condempnatus,
1125 1621 1268 1654 deberet
1283 1622 1393 1654 modis
1410 1621 1566 1653 omnibus
1583 1622 1749 1653 laborare.
1796 1621 1844 1653 At
1867 1620 2161 1663 Archiepiscopus

307 1683 429 1710 contra
451 1677 584 1709 hostem
601 1676 771 1714 Ecclesie,
795 1676 960 1708 invictum
985 1675 1114 1717 pariter
1139 1682 1172 1707 et
1196 1675 1374 1713 abstutum,
1392 1675 1500 1708 honus
1524 1674 1704 1718 legationis
1721 1674 1919 1716 suscipiens,
1944 1673 1988 1705 de
2010 1674 2160 1705 clemen-

307 1731 354 1764 tia
379 1730 494 1762 divina
519 1730 682 1768 consutus,
706 1729 872 1761 instanter
898 1729 990 1770 cepit
1014 1739 1091 1760 cum
1115 1729 1232 1761 amicis
1257 1728 1414 1761 Ecclesie
1436 1734 1659 1770 pertractare,
1678 1728 1824 1770 qualiter
1848 1726 2087 1768 insuperabilis
2106 1732 2160 1770 ty-

309 1783 496 1826 rampnidis
519 1782 667 1814 Ecellini
689 1788 805 1824 posset
828 1781 991 1823 impetum
1021 1781 1183 1824 coybere.
1230 1781 1291 1814 Set
1323 1781 1435 1813 multis
1465 1781 1547 1813 hinc
1578 1781 1659 1813 inde
1692 1780 1878 1823 propositis
1910 1779 1946 1811 in
1979 1780 2160 1822 conloquis

309 1836 493 1874 civitatum,
516 1835 553 1866 in
576 1835 643 1866 fine
669 1834 824 1866 omnibus
848 1834 923 1865 fere
948 1833 1157 1876 impossibile
1174 1833 1365 1872 videbatur,
1384 1834 1476 1876 quod
1493 1834 1616 1876 aliquis
1639 1839 1755 1875 posset
1778 1839 1948 1876 tyrampno
1964 1831 2011 1864 ita
2026 1832 2159 1874 potenti

309 1895 418 1921 astuto
444 1895 477 1920 et
501 1888 688 1920 dictissimo
712 1887 881 1925 resistere,
913 1887 977 1918 nisi
1007 1886 1125 1919 divina
1147 1888 1260 1930 gratia
1291 1887 1526 1930 subfragante.
1574 1886 1870 1928 Archiepiscopus
1900 1885 2016 1927 itaque
2047 1885 2161 1916 sciens

308 1942 414 1974 nichil
437 1951 510 1973 esse
534 1940 745 1983 impossibile
770 1941 861 1982 apud
884 1940 1007 1979 Deum,
1032 1941 1078 1973 ad
1101 1940 1375 1972 misericordiam
1392 1940 1458 1972 Dei
1475 1940 1627 1984 dirigens
1645 1939 1763 1972 oculos
1779 1938 1983 1976 intellectus,
2002 1943 2160 1970 constan-

308 2001 360 2027 ter
385 1995 475 2037 cepit
497 2005 561 2036 pro
585 2005 622 2026 se
647 2000 681 2026 et
704 1993 782 2026 aliis
807 2004 945 2025 crucem
968 1994 1108 2025 Domini
1125 1994 1321 2036 predicare,
1340 1994 1529 2026 admonens
1547 2004 1665 2026 omnes
1689 1990 1899 2024 orationibus
1923 1997 1957 2023 et
1980 1991 2161 2034 gemitibus

310 2047 447 2080 Domini
472 2047 688 2079 clementiam
712 2057 868 2084 exorare,
892 2053 929 2078 ut
951 2047 1025 2088 ipse
1049 2056 1118 2078 non
1143 2047 1268 2078 diutius
1291 2046 1507 2085 substineret,
1533 2046 1626 2089 quod
1642 2045 1801 2077 Ecclesie
1818 2054 1877 2076 sue
1893 2043 2045 2086 perfidus
2060 2044 2161 2076 here-

308 2100 396 2133 ticus
419 2100 603 2132 insultaret.
650 2101 751 2132 Tunc
776 2099 872 2131 multi
897 2110 1041 2142 quorum
1066 2098 1173 2131 corda
1195 2099 1304 2143 gratia
1328 2099 1679 2141 divinaperfuderat,
1711 2099 1844 2141 signum
1875 2097 2015 2129 mirifice
2049 2097 2161 2129 crucis

308 2154 525 2186 devotissime
548 2160 782 2196 susceperunt,
808 2160 842 2185 et
866 2153 910 2185 ad
934 2153 1244 2195 deprehensionem
1269 2153 1428 2197 tyranpni
1454 2153 1584 2185 animos
1601 2153 1805 2191 adtolentes‚
1823 2150 1977 2183 divinum
2001 2150 2159 2182 auxilium

308 2206 529 2246 orationibus,
554 2206 859 2245 obsecrationibus,
884 2213 918 2239 et
942 2206 1124 2250 gemitibus
1147 2206 1411 2238 innarrabilibus
1435 2206 1561 2238 cotidie
1590 2206 1818 2248 postulabant.

396 2261 543 2299 Interea,
567 2260 647 2291 dum
671 2260 738 2292 hec
762 2266 946 2302 agerentur
971 2271 1014 2292 ex
1035 2266 1132 2302 parte
1149 2259 1272 2302 Legati
1287 2259 1470 2298 humiliter,
1497 2265 1531 2291 et
1555 2258 1691 2298 devote,
1717 2269 1759 2290 ex
1784 2258 1942 2300 opposito
1959 2257 2160 2300 superbissi-

308 2324 381 2345 mus
404 2313 580 2345 Ecellinus
602 2313 636 2344 in
660 2324 754 2344 arma
777 2313 906 2351 furens,
932 2312 976 2344 ad
1000 2313 1187 2344 delendum
1210 2313 1427 2352 Mantuanos,
1446 2313 1537 2355 cepit
1555 2324 1632 2345 cum
1650 2322 1781 2344 summa
1797 2311 1956 2343 instantia
1974 2310 2160 2343 exercitum

307 2375 503 2408 preparare.
552 2365 840 2398 Presentabantur
864 2365 953 2408 equi,
977 2365 1263 2398 mensurabantur
1286 2366 1392 2397 lorice
1416 2371 1450 2397 et
1473 2365 1573 2408 galee
1597 2364 1887 2407 producebantur.
1936 2364 2069 2396 Tantus
2097 2362 2161 2394 fuit

396 2485 420 2503 2.
439 2479 594 2503 cervicibus
619 2481 647 2502 in
673 2479 696 2502 A
719 2480 807 2502 scritto
824 2479 1037 2509 posteriormente
1062 2478 1108 2501 dal
1130 2479 1226 2509 copz'sta
1244 2481 1320 2509 sopra
1340 2486 1390 2501 uno
1409 2480 1494 2509 spazz'o
1521 2479 1625 2501 lasciato
1652 2480 1680 2501 ῑίι
1702 2479 1791 2501 Zaz'anco
1812 2490 1822 2495 -
1850 2477 1993 2508 Suganam
2011 2477 2054 2503 A:
2080 2474 2159 2500 MUR.

308 2521 341 2543 Ila
359 2524 485 2552 stampato
503 2524 580 2552 sopra
604 2521 629 2543 B
648 2521 801 2552 Fuganum.
837 2520 958 2543 L’errore
984 2520 1014 2542 di
1037 2520 1062 2543 B
1085 2520 1111 2543 si
1134 2521 1222 2551 spiegcz
1245 2520 1290 2551 pel
1306 2519 1379 2549 fatto
1398 2521 1442 2543 che:
1468 2520 1510 2544 l'S
1529 2521 1635 2544 iniziale
1654 2521 1684 2543 (ίί
1700 2520 1723 2543 Α
1745 2520 1758 2542 ἒ
1780 2523 1841 2550 poco
1866 2519 1957 2542 chiara
1976 2527 1988 2541 c
2007 2519 2032 2540 si
2055 2520 2156 2541 attacca

307 2563 377 2587 all’u
396 2566 516 2593 scgucnte
535 2565 563 2586 in
583 2564 653 2586 modo
673 2564 707 2585 da
725 2570 792 2586 esser
807 2565 886 2593 presa
897 2562 1054 2592 facilmente
1070 2565 1120 2593 per
1139 2571 1193 2585 una
1211 2562 1224 2586 f
1244 2576 1276 2579 —
1296 2570 1320 2594 4.
1334 2562 1473 2586 Ecellinus
1492 2563 1515 2585 A
1530 2575 1562 2579 ——
1577 2568 1600 2592 5.
1611 2564 1701 2593 prima
1721 2562 1875 2594 perierunt,
1890 2561 1937 2591 poi
1955 2560 2094 2583 cancellato
2112 2567 2156 2582 con

308 2605 366 2634 rigo
386 2606 477 2628 ierunt
490 2605 523 2627 ed
539 2605 667 2636 aggiwzto
686 2607 762 2635 sopra
781 2605 851 2628 emit
871 2605 900 2628 in
918 2604 942 2627 A
962 2617 994 2621 —-
1017 2611 1056 2628 10.
1071 2604 1178 2628 abstuti
1190 2605 1279 2627 scritto
1295 2605 1507 2635 posterz'ormente
1527 2604 1596 2627 dallo
1615 2602 1690 2627 stej‘so
1709 2604 1806 2634 copista
1819 2604 1849 2625 in
1869 2603 1892 2625 A
1912 2605 1987 2632 sopra
2007 2609 2058 2624 uno
2072 2602 2157 2632 spacio

270 2652 279 2658 ³
310 2647 414 2670 lzzscz'ato
433 2647 461 2669 in
482 2648 570 2670 blanco
592 2659 624 2663 —
642 2653 682 2670 11.
701 2645 747 2677 ad]
768 2648 796 2670 at
814 2646 837 2669 A
857 2659 889 2663 —
913 2646 952 2671 IS.
971 2646 1130 2678 Jperbolice
1148 2647 1236 2669 scritsso
1246 2647 1458 2676 posterior-ments
1472 2646 1541 2668 dall)
1555 2650 1628 2669 stc-550
1647 2646 1743 2676 copista
1763 2646 1791 2668 in
1812 2645 1835 2667 „1
1854 2647 1930 2674 sopra
1944 2651 1994 2666 uno
2013 2643 2098 2673 spacio
2118 2643 2156 2665 la-

309 2689 387 2711 scialo
407 2689 435 2711 in
455 2689 543 2711 bianco
564 2702 596 2705 —-
619 2696 658 2720 19.
678 2688 790 2712 horeret
808 2688 897 2711 scritto
913 2689 1126 2719 posteriormcnte
1146 2687 1216 2719 (ζαῖἰο
1233 2691 1308 2711 stesso
1327 2688 1423 2718 copz'sta
1441 2689 1470 2710 in
1488 2688 1512 2710 A
1532 2691 1607 2718 sopra
1627 2695 1677 2711 uno
1695 2688 1779 2718 spacio
1800 2687 1907 2709 lasciato
1929 2687 1956 2708 sn
1977 2686 2066 2708 bz‘anso
2085 2698 2097 2702 -·
2116 2685 2158 2708 in-

308 2729 406 2754 fernos
426 2730 450 2752 A
469 2743 480 2747 -
498 2731 725 2754 commoveretur
744 2730 768 2753 A
788 2743 820 2746 —
841 2736 881 2761 24.
908 2729 956 2761 qui
982 2730 1010 2751 :⁴72
1036 2730 1059 2752 A
1078 2730 1091 2751 ὁ
1110 2731 1236 2761 aggiunto
1261 2730 1305 2752 sul
1323 2730 1380 2760 rigo
1401 2743 1431 2746 —
1459 2728 1500 2753 26.
1526 2729 1666 2753 invictum
1693 2729 1770 2753 Mna.
1797 2729 1892 2757 ANN.3
1919 2727 2065 2751 inimicum
2083 2727 2107 2749 A
2126 2741 2157 2743 —

310 2772 400 2802 27-28.
420 2772 615 2804 tyrampnidus
634 2773 662 2795 in
681 2772 704 2795 A
725 2786 756 2789 —
777 2778 818 2803 34.
838 2772 928 2795 crucis
947 2772 960 2794 ἑ
975 2775 1050 2802 presa
1069 2771 1147 2802 dagli
1163 2772 1255 2796 Ama:
1275 2779 1322 2795 om.
1342 2772 1376 2799 A,
1396 2780 1437 2794 ma
1457 2772 1480 2794 lo
1499 2771 1533 2794 Ιια
1553 2771 1575 2794 z'l
1594 2771 1671 2796 MUR.

399 2846 406 2862 ¹
428 2848 468 2872 La
486 2848 587 2872 sorella
605 2849 778 2873 chiamavasi
798 2848 886 2878 Sosim,
899 2848 1133 2879 cLROLANnmo,
1148 2848 1204 2872 RR.
1353 2846 1364 2863 3
1385 2848 1538 2873 Grzffolino
1559 2847 1601 2872 de'
1621 2848 1708 2873 Griffi.

1348 2889 1357 2905 ⁴
1378 2891 1567 2915 Bontraverso
1581 2890 1616 2914 da
1630 2889 1835 2918 Castelnuovo3
1849 2889 1884 2913 cf.
1898 2889 2086 2916 Rormmxo,
2101 2886 2158 2909 RR.

397 2930 407 2946 Ε
427 2932 548 2956 Fratello
569 2931 740 2963 illegittimo.
1261 2932 1294 2955 II.
1316 2932 1376 2959 SS„
1397 2932 1471 2962 VIII,
1492 2940 1518 2964 p.
1539 2939 1581 2964 90,
1602 2938 1696 2956 nuova
1715 2931 1853 2956 edizione.

2185 826 2224 857 10

2184 1620 2224 1652 25

2184 1886 2227 1917 30

2185 2149 2224 2183 35
