2307 3592
45 850 81 879 10

45 1111 80 1142 15

40 1375 80 1405 20

40 1637 80 1669 25

41 1905 82 1935 30

41 2166 82 2199 35

42 2433 83 2463 40

108 248 158 282 [A.
180 249 273 282 1299]
739 242 1051 279 CHRONICON
1078 242 1308 279 ESTENSE
1898 243 1944 278 55

108 383 197 410 nam,
223 377 403 413 antequam
427 371 491 412 ipsi
516 371 742 402 hedificarent
766 371 882 412 plures
907 371 1096 403 fortilicias.
1144 371 1188 403 Et
1211 371 1352 404 recessit
1369 373 1411 403 de
1428 372 1564 404 civitate
1581 373 1716 410 Creme,
1735 379 1767 405 et
1784 374 1844 405 ivit
1867 374 1952 406 Cre-

107 435 254 462 monam,
278 423 335 454 ubi
359 423 490 455 invenit
513 434 618 465 super
640 429 756 464 portas
780 424 972 456 balisterios
995 423 1204 467 saggitantes
1222 430 1341 456 contra
1358 435 1446 462 eum,
1464 431 1498 456 et
1521 426 1730 466 proicientes
1752 427 1883 467 lapides
1916 432 1949 457 et

105 478 202 520 palos
224 478 259 508 in
282 487 405 520 magna
430 477 636 519 quantitate:
662 478 755 508 unde
779 477 937 508 dominus
960 477 1121 509 Marchio
1147 488 1223 508 cum
1247 478 1315 509 suis
1339 479 1479 509 recessit
1501 479 1595 517 inde,
1621 486 1653 511 et
1685 479 1743 511 ivit
1776 480 1820 511 ad
1851 479 1952 511 aliam

106 537 239 572 portam
263 530 374 561 sancti
397 529 585 568 Laurentii,
604 540 704 571 quam
723 529 936 562 custodiebat
953 530 1107 561 marchio
1124 530 1334 568 Cavalcabo,
1359 531 1415 572 qui
1440 532 1592 563 marchio
1619 531 1813 564 Cavalcabo
1834 533 1952 564 incon-

107 584 226 616 tinenti
250 583 333 614 fecit
357 583 490 624 aperire
515 588 629 623 portas
654 582 750 614 dicto
775 582 913 615 domino
938 583 1136 614 Marchioni
1161 583 1301 621 estensi;
1327 584 1384 626 qui
1400 584 1558 616 Marchio
1582 586 1725 616 estensis
1749 585 1808 617 ivit
1830 586 1875 617 ad
1891 586 1952 617 ho-

106 637 242 678 spitium
266 646 367 677 super
390 635 634 668 monasterium
658 636 768 668 sancti
792 636 978 668 Laurentii.
1027 636 1177 674 Quando
1195 636 1444 668 Cremonenses
1468 638 1661 676 audierunt,
1679 639 1772 680 quod
1796 639 1952 670 dominus

106 690 263 722 Marchio
288 689 429 721 estensis
454 695 526 720 erat
550 689 584 720 in
608 689 759 728 civitate,
784 700 901 721 omnes
926 696 1147 721 cucurerrunt
1165 690 1209 721 ad
1225 701 1319 721 arma
1335 701 1437 732 super
1453 691 1600 731 plateam
1626 692 1785 729 civitatis,
1804 692 1952 723 claman-

106 749 158 775 tes
182 749 216 774 et
241 743 410 774 dicentes:
429 743 604 774 sisariatm·
621 743 779 774 stlat-chio
795 743 947 774 estensis:
968 743 1061 784 quod
1086 743 1257 774 audiendo
1276 754 1353 775 cum
1369 743 1526 775 omnibus
1543 745 1609 776 suis
1633 745 1771 776 fuerunt
1787 745 1831 776 ad
1847 755 1952 782 arma,

106 802 140 827 et
162 806 265 837 super
287 801 427 827 stratam
450 801 721 836 preparaverunt
744 805 780 826 se
805 795 849 826 ad
876 795 1003 827 bellum
1031 805 1109 826 cum
1138 794 1428 828 Cremonensibus
1455 796 1612 828 canibus:
1637 803 1671 829 et
1695 808 1772 829 cum
1801 797 1894 829 circa
1917 800 1953 828 vc

107 847 258 879 lumeriis
281 847 435 879 accensis
451 858 528 879 cum
544 847 745 888 panadffllis,
763 848 842 889 igne
870 847 1104 879 comburendo
1129 848 1256 879 dictam
1281 848 1456 880 civitatem
1481 855 1515 880 et
1538 860 1650 881 canes.
1698 850 1836 882 Interim
1860 849 1953 882 venit

106 900 155 932 ibi
186 900 344 932 dominus
376 900 529 931 marchio
561 899 768 937 Cavalcabo‚
801 906 835 931 et
866 900 952 932 dixit
984 901 1032 932 ei:
1061 900 1091 931 O
1114 901 1245 931 domine
1276 901 1331 942 mi,
1364 901 1464 932 nolite
1489 902 1537 933 sic
1558 901 1694 944 facere,
1727 903 1806 945 quia
1837 904 1952 945 zgmem

105 954 204 984 istum
227 953 322 984 istim
344 953 468 995 populi
490 952 702 994 extinguam.
750 953 796 984 Et
819 953 868 984 sic
894 953 995 990 fecit3
1020 953 1094 994 ipse
1128 953 1302 985 constituit
1331 953 1459 986 dictum
1483 955 1656 986 dominum
1681 966 1724 986 ex
1747 967 1814 987 una
1845 961 1953 997 parte,

106 1012 141 1038 et
164 1005 295 1037 dictum
318 1005 481 1046 populum
506 1015 548 1036 ex
571 1004 640 1036 alia
649 1017 657 1042 3
682 1005 730 1036 ita
754 1006 847 1047 quod
872 1005 905 1036 in
930 1016 1017 1047 pace
1042 1005 1277 1047 quiescebant.
1323 1007 1493 1039 Latrones
1510 1018 1592 1040 vero
1621 1014 1654 1039 et
1671 1009 1852 1040 traditores
1868 1009 1953 1041 Cre-

106 1060 329 1097 monensium,
353 1058 513 1090 videntes
537 1068 605 1089 non
630 1068 732 1098 posse
758 1068 882 1099 capere
908 1058 1081 1090 dominum
1107 1058 1345 1091 Marchionem
1371 1066 1549 1099 estensem,
1575 1062 1816 1103 cogitaverunt
1841 1068 1873 1093 et
1897 1063 1953 1093 fir-

107 1116 283 1143 maverunt
306 1111 396 1142 inter
419 1119 477 1141 eos
503 1110 688 1142 convocari
713 1110 757 1142 ad
786 1110 963 1142 consilium
992 1110 1163 1142 dictorum
1195 1111 1480 1144 Cremonensium
1512 1114 1687 1145 dominum
1715 1114 1952 1146 Marchionem

105 1170 273 1196 estensem
297 1173 398 1204 super
422 1162 584 1204 palatium
610 1162 702 1194 dicte
728 1163 885 1201 civitatis,
910 1169 943 1195 et
967 1173 1044 1195 cum
1068 1163 1177 1205 ipsum
1202 1174 1279 1195 cum
1298 1165 1400 1196 certis
1417 1165 1485 1197 suis
1508 1167 1727 1199 reclusissent
1744 1167 1777 1198 in
1796 1167 1953 1205 consilio,

105 1216 306 1257 decapitare
331 1221 365 1247 et
388 1215 582 1247 interficere
607 1225 676 1247 eos.
723 1216 768 1247 Et
792 1216 1020 1248 incontinenti
1045 1216 1156 1248 dictus
1179 1217 1333 1249 marchio
1357 1217 1553 1250 Cavalcabo
1578 1220 1691 1251 omnia
1714 1230 1777 1261 per
1799 1220 1952 1251 ordinem

105 1269 237 1300 naravit
261 1268 402 1300 domino
428 1267 624 1300 Marchioni
650 1269 786 1306 estensi,
810 1273 847 1299 ut
874 1268 939 1300 sibi
963 1275 1100 1300 caveret
1125 1270 1294 1301 accedere
1323 1271 1367 1301 ad
1397 1270 1464 1302 tale
1490 1271 1685 1309 consilium;
1717 1271 1809 1303 unde
1843 1273 1954 1304 dictus

106 1321 263 1353 dominus
287 1320 458 1359 Mamhio,
486 1326 658 1362 tamquam
683 1321 822 1362 sapiens
846 1327 880 1353 et
905 1321 1083 1361 discretus,
1112 1322 1162 1353 sic
1186 1322 1280 1353 stetit
1310 1334 1417 1365 usque
1450 1324 1494 1355 ad
1526 1324 1629 1355 alium
1661 1325 1751 1357 diem
1776 1325 1811 1355 in
1842 1336 1953 1357 mane.

104 1374 205 1405 Tunc
230 1374 351 1406 eodem
374 1383 473 1404 mane
497 1373 746 1405 Cremonenses
763 1373 1013 1406 ambaxiatores
1030 1373 1227 1406 direxerunt
1244 1375 1385 1407 domino
1402 1376 1597 1408 Marchioni
1622 1378 1757 1416 estensi,
1774 1378 1885 1419 ipsum
1898 1388 1954 1409 ro-

104 1432 234 1469 gantes,
259 1425 352 1468 quod
375 1426 440 1457 iret
463 1425 507 1457 ad
531 1426 662 1458 dictum
687 1426 867 1458 consilium
892 1435 969 1458 cum
992 1427 1155 1458 fratribus
1179 1428 1247 1459 suis
1263 1428 1564 1461 Cremonensibus.
1611 1430 1776 1462 Dominus
1796 1431 1955 1462 Marchio

105 1480 171 1511 iam
196 1480 417 1511 ordinaverat
440 1489 501 1510 suo
526 1479 741 1521 expenditori
765 1479 919 1518 siscalco‚
944 1480 1038 1522 quod
1061 1481 1244 1521 prandium
1261 1481 1365 1522 ipsius
1391 1488 1424 1514 et
1447 1493 1582 1514 suorum
1610 1489 1697 1514 esset
1719 1484 1753 1514 in
1778 1484 1836 1515 illo
1856 1495 1954 1516 mane

106 1538 185 1564 ante
210 1532 346 1569 tertias3
373 1537 407 1563 et
430 1532 479 1564 sic
504 1532 569 1564 fuit
592 1532 735 1564 factum.
783 1531 900 1569 Quare
925 1533 1083 1564 dominus
1107 1532 1267 1566 Marchio
1297 1534 1391 1566 stetit
1422 1536 1467 1566 ad
1492 1536 1708 1578 conloquium
1741 1547 1819 1568 cum
1851 1537 1953 1569 dictis

106 1584 423 1617 ambassiatoribus.'
470 1585 576 1617 Circa
593 1585 711 1616 horam
729 1586 873 1624 tertiam,
890 1585 983 1617 finito
1000 1585 1143 1617 consilio
1168 1586 1331 1628 ipsorum,
1356 1594 1525 1619 venerunt
1549 1594 1645 1619 extra
1662 1599 1831 1621 cameram
1849 1601 1951 1632 super

107 1638 255 1681 quodam
288 1638 444 1681 poccolQ
468 1638 527 1670 ubi
552 1638 758 1670 invenerunt
781 1649 915 1670 mensas
939 1645 1084 1680 paratas.
1131 1638 1393 1671 Ambaxiatores
1417 1640 1579 1672 volebant
1603 1642 1786 1679 recedere3
1820 1650 1870 1674 set
1893 1643 1954 1674 do-

106 1691 215 1722 minus
238 1691 395 1722 Marchio
420 1691 562 1722 estensis
585 1701 654 1723 non
682 1691 871 1723 licentiavit
895 1701 969 1729 eos;
996 1698 1029 1723 et
1060 1692 1182 1733 pranxi
1206 1698 1284 1723 sunt
1318 1703 1393 1723 cum
1426 1703 1467 1725 eo
1499 1693 1532 1725 in
1565 1694 1659 1726 dicto
1693 1695 1778 1727 loco.
1825 1696 1863 1727 In
1888 1697 1954 1728 fine

105 1744 262 1783 convivii,
280 1745 366 1776 sicut
383 1744 603 1776 ordinaverat
619 1745 776 1777 dominus
793 1745 953 1776 Marchio
972 1746 1114 1777 estensis
1138 1756 1198 1777 suo
1222 1746 1386 1784 siscalco‚'
1411 1747 1497 1778 fecit
1521 1748 1639 1778 venire
1663 1750 1844 1790 quemdam
1868 1761 1954 1781 nun-

106 1798 196 1829 cium
218 1802 298 1829 ante
323 1802 545 1838 conspectum
571 1797 701 1829 domini
725 1808 803 1829 cum
829 1798 958 1830 licteris
982 1798 1104 1835 finctis,
1129 1809 1194 1840 que
1212 1798 1330 1830 lictere
1349 1799 1569 1831 continebant
1585 1806 1682 1841 parte
1699 1801 1828 1833 domini
1845 1803 1873 1834 F
1876 1813 1952 1834 ran-

107 1850 190 1882 cisci
214 1850 264 1882 sui
289 1850 415 1888 fratris,
440 1846 534 1893 quod
557 1850 646 1882 vixis
668 1850 884 1892 presentibus
908 1851 1065 1883 dominus
1088 1851 1250 1883 Marchio
1274 1852 1416 1883 estensis
1447 1853 1622 1893 predictus
1643 1855 1869 1894 personaliter
1892 1856 1956 1888 iret

106 1903 286 1941 Mutinam,
311 1903 393 1945 quia
416 1903 651 1935 Bononienses
674 1913 797 1946 pacem
821 1904 999 1946 fregerant
1014 1904 1104 1936 inter
1120 1914 1181 1936 eos
1205 1910 1237 1936 et
1261 1904 1437 1936 dominum
1454 1904 1705 1945 Marchionem‚
1730 1913 1763 1939 et
1781 1908 1956 1949 quodiam

105 1966 239 1988 cursum
263 1956 421 1987 fecerant
445 1965 547 1997 super
572 1956 763 1988 teritorium
788 1957 979 1988 mutinense
1013 1963 1047 1989 et
1079 1957 1259 1989 combusta
1291 1963 1325 1989 et
1356 1957 1522 1990 derobata
1553 1959 1691 1990 fuerant
1722 1961 1828 1992 multa
1851 1961 1953 1994 bona.

106 2009 150 2040 Et
171 2008 375 2050 presentatis
399 2009 527 2040 licteris
550 2019 611 2051 per
635 2009 766 2042 dictum
791 2020 966 2041 cursorem
990 2010 1131 2042 domino
1156 2010 1366 2049 Marchioni,
1394 2011 1482 2042 fecit
1514 2022 1570 2042 eas
1602 2012 1717 2054 legere
1749 2014 1818 2045 alta
1849 2025 1955 2052 voce3

106 2060 324 2103 postmodum
355 2061 442 2093 dixit
474 2062 631 2094 dominus
662 2062 822 2095 Marchio
854 2063 1023 2104 predictis
1047 2063 1354 2095 ambaxiatoribus:
1388 2063 1533 2095 Fratres
1566 2064 1810 2107 Cremonenses,
1843 2068 1957 2099 audite

107 2115 245 2146 lc'cteras
269 2114 351 2146 istas
358 2127 370 2156 ;
393 2125 462 2156 ego
486 2126 550 2156 vos,
577 2120 610 2146 et
632 2126 742 2146 omnes
765 2116 849 2147 alios
863 2115 1004 2158 fratres
1028 2127 1116 2147 meos
1138 2127 1278 2147 convoco
1302 2117 1350 2147 ad
1371 2117 1453 2147 tales
1476 2118 1623 2160 nuptias,
1655 2119 1742 2150 sicut
1772 2124 1822 2150 est
1844 2125 1957 2151 vestra

108 2168 317 2200 consuetudo.
364 2168 433 2209 Ipsi
456 2168 723 2210 responderunt:
748 2168 903 2210 Domine,
928 2180 985 2200 vos
1000 2170 1139 2212 potestis
1155 2170 1272 2200 venire
1288 2173 1391 2212 super
1403 2169 1573 2212 palatium
1590 2175 1745 2212 vestrum,
1771 2178 1805 2203 et
1827 2173 1876 2204 ibi
1889 2184 1957 2204 esse

107 2231 180 2252 cum
196 2220 375 2263 fratribus
398 2221 522 2252 vestris
547 2220 828 2262 Cremonensibus,
854 2226 887 2252 et
909 2222 958 2253 ibi
978 2222 1145 2253 narabz'tz's
1160 2221 1264 2265 sacta
1287 2227 1400 2253 vestra
1423 2233 1496 2253 cum
1528 2223 1574 2254 eis
1583 2235 1595 2264 ;
1626 2228 1660 2254 et
1689 2229 1790 2256 estote
1821 2236 1956 2258 securus

106 2274 230 2305 habere
251 2278 380 2305 vestras
402 2274 615 2316 volzmptates
645 2275 685 2305 ab
717 2275 773 2306 eis.
819 2275 986 2306 Dominus
1012 2275 1169 2306 Marchio
1206 2275 1393 2317 respoudit,
1426 2277 1519 2317 quod
1551 2276 1599 2308 sic
1632 2277 1764 2309 faceret
1797 2278 1954 2311 libenter.

107 2326 250 2368 Sumpto
274 2327 420 2368 prandio
444 2336 560 2358 omnes
584 2327 709 2359 milites
734 2333 767 2360 et
798 2327 943 2369 pedites,
968 2338 1079 2360 somas
1104 2334 1137 2359 et
1165 2328 1278 2359 omnia
1310 2328 1375 2359 alia
1406 2336 1687 2370 preparaverunt.
1732 2331 1956 2362 Descendens

109 2389 193 2423 ergo
218 2380 375 2411 dominus
398 2379 558 2412 Marchio
583 2380 625 2412 de
650 2381 781 2421 palatio
805 2381 980 2413 assotiavit
1003 2381 1115 2413 dictos
1139 2382 1401 2419 ambaxiatores‚
1420 2388 1453 2413 et
1470 2382 1517 2413 ibi
1536 2383 1626 2423 apud
1643 2383 1751 2415 scalas
1776 2384 1957 2416 inferiores

108 2432 239 2464 invenit
263 2443 387 2474 equum
410 2443 508 2464 suum
533 2433 634 2465 valde
659 2433 748 2466 bene
771 2440 944 2476 paratum;
970 2441 1003 2466 et
1019 2434 1215 2466 videntibus
1231 2434 1521 2466 ambaxiatoribus
1537 2436 1693 2468 ascendit
1710 2447 1832 2478 equum
1849 2448 1954 2475 suum,

108 2484 244 2516 dicens:
269 2484 328 2516 Ad
346 2485 476 2517 Deum:
504 2487 627 2528 sciatis,
653 2487 782 2518 domim·
802 2487 1056 2528 ambaxicztores,
1083 2498 1150 2529 ego
1174 2488 1259 2518 vado
1275 2488 1456 2519 Mutinam.
1503 2487 1793 2529 Responderunt:
1811 2490 1955 2522 Domine

107 2549 213 2581 quare
236 2539 384 2570 vaditis?
407 2551 472 2570 non
495 2540 596 2571 vultis
617 2540 718 2582 prius
741 2551 810 2572 esse
833 2541 880 2571 ad
894 2541 1065 2573 consilium
1082 2541 1256 2572 nostrum?
1301 2541 1499 2582 Respondit
1516 2542 1674 2573 dominus
1690 2542 1866 2574 Marchio:
1897 2544 1957 2576 Vos

107 2591 203 2622 eritis
223 2594 292 2634 pro
316 2602 387 2633 me;
412 2603 462 2623 me
493 2596 628 2635 oportet
658 2594 790 2624 omnino
822 2594 875 2625 ire
905 2594 1088 2625 flliatz'nam.
1134 2594 1179 2624 Et
1209 2594 1363 2632 recessit,
1396 2600 1429 2626 et
1461 2604 1530 2625 non
1554 2595 1644 2626 stetit
1668 2595 1703 2625 in
1729 2595 1843 2637 aliquo
1869 2596 1956 2634 loco,

109 2643 200 2685 quod
224 2644 379 2685 pervenit
404 2645 446 2676 ad
473 2651 620 2677 castrum
643 2645 803 2688 Racoli1,
828 2646 885 2678 ubi
910 2646 999 2678 bene
1031 2646 1143 2678 stabat
1166 2656 1315 2678 securus.
1361 2674 1363 2677 ,

198 2774 221 2798 5.
241 2767 330 2799 dicto]
356 2768 472 2793 domino
490 2770 533 2797 B,·
553 2778 599 2794 om.
621 2770 696 2794 Mun.
718 2784 751 2788 —-
779 2778 819 2794 10.
844 2771 974 2795 lumerias
994 2778 1123 2796 accensas
1142 2772 1166 2795 A
1182 2785 1212 2788 —
1243 2778 1283 2796 12.
1306 2774 1397 2802 prima
1418 2773 1448 2795 di
1471 2774 1530 2803 ipse
1556 2772 1632 2797 Mun.
1653 2781 1711 2803 ary.
1733 2774 1760 2796 et
1785 2787 1818 2791 —
1841 2780 1880 2804 13.
1905 2773 1956 2805 ita]

110 2811 204 2842 itaque
222 2810 298 2834 Mure.
314 2823 346 2827 —-
364 2810 402 2835 16.
421 2811 515 2843 certis]
535 2813 633 2836 ceteris
653 2813 677 2834 B
691 2812 766 2837 Mmz.
785 2826 816 2829 ——
835 2818 874 2843 17.
895 2813 1047 2845 decapitari
1066 2813 1090 2836 A
1106 2826 1137 2830 ——-
1154 2820 1195 2837 20.
1215 2813 1389 2845 direxerunt]
1409 2814 1538 2838 dixerunt
1554 2814 1579 2836 B
1603 2815 1679 2839 Mmz.
1704 2829 1734 2833 —
1751 2822 1791 2839 22.
1811 2816 1955 2840 siniscalco

110 2851 187 2875 Mun.
213 2864 245 2868 —
273 2856 314 2882 25.
334 2852 478 2884 volebant]
499 2853 623 2877 volentes
641 2854 664 2877 A
691 2867 724 2872 —
751 2859 792 2884 27.
812 2854 963 2878 siniscalco
985 2855 1062 2879 Mmz.
1083 2868 1094 2872 -
1115 2856 1206 2885 prima
1231 2855 1348 2880 difecit
1368 2856 1391 2878 A
1411 2858 1544 2887 aggiunge
1569 2857 1597 2879 et
1616 2870 1647 2873 —
1669 2857 1710 2882 28.
1735 2857 1808 2881 fictis
1827 2857 1904 2881 Mun.
1924 2872 1955 2874 -—

109 2899 151 2924 31.
172 2893 339 2926 mutinense]
359 2896 457 2918 mutifi.
477 2895 500 2917 A
519 2907 529 2912 -
548 2895 663 2920 fuerant
682 2903 740 2927 agg.
762 2896 839 2920 Mun.
862 2909 894 2913 —
915 2904 956 2927 41.
976 2896 1087 2928 sciatis]
1108 2897 1171 2921 sitis
1190 2897 1213 2920 A

201 2979 206 2994 ¹
227 2982 364 3013 Reggiolo
385 2989 402 3006 a
421 2982 518 3007 dodici
538 2983 586 3008 kil.
608 2984 640 3008 E.
659 2984 691 3008 da
712 2985 866 3010 Guastalla.

2030 1600 2107 1622 Mun..
2122 1599 2160 1620 347

2031 1766 2050 1781 c.
2066 1761 2117 1784 βῶν
