2307 3592
90 840 127 871 lO

90 1102 126 1133 15

86 1369 126 1399 20

85 1633 124 1664 25

151 240 202 273 [A.
224 241 317 273 1256]
783 234 1094 270 CHRONICON
1123 233 1354 269 ESTENSE
1944 232 1989 269 27

151 365 326 397 'numerus
350 366 501 404 milit-um,
526 365 687 408 pedit-um,
711 372 745 398 et
769 366 1019 398 balistariorum
1043 366 1187 398 sollicite
1211 366 1244 396 in
1269 376 1390 407 campo
1415 365 1543 397 marcio
1560 366 1812 407 requisstorum,
1837 370 1990 407 sagypte,

152 419 271 450 lancee
299 424 332 450 et
355 419 461 461 gladii
485 418 711 456 acuebantur;
736 425 813 450 sunt
837 419 939 451 etiam
964 419 1089 450 vexilla
1112 420 1282 451 veteriora
1304 424 1484 455 renovata;
1510 418 1640 450 clamor
1672 429 1807 460 quoque
1831 418 1996 449 maximus

152 471 254 503 fiebat
277 471 404 503 cotidie
429 472 616 503 dicentium
640 472 861 514 populorum:
887 473 1076 513 Allantmzm,
1101 472 1280 503 stlantuam
1303 475 1537 514 properemus,
1563 472 1642 513 quia
1665 472 1735 502 sola
1759 471 1903 503 Affantua
1933 471 1996 502 im-

152 524 249 566 pedit
270 523 438 555 dominum
461 529 610 556 nostrum
635 525 734 555 totius
757 524 879 556 babere
902 525 1084 556 dominium
1108 524 1321 555 Lambarda'e.

239 575 452 608 Convocavit
475 577 519 608 ad
543 588 578 609 se
602 577 751 619 insuper,
777 577 954 609 celestium
979 587 1159 618 corporum
1176 577 1338 608 sollicitus
1362 577 1558 618 explorator
1582 577 1771 619 astrologos
1794 583 1828 609 et
1852 577 1996 615 divinos,

150 629 342 670 precipiens
367 630 417 661 eis
440 629 648 671 subpuntare
672 630 806 669 mensis,
831 631 955 673 sydera
980 630 1204 672 contemplari
1236 636 1270 661 et
1297 630 1392 672 signa
1411 630 1475 660 celi
1500 630 1776 662 consideratione
1800 629 1995 662 acutissima

150 682 391 724 perscruptari,
415 689 453 715 ut
475 682 708 714 indubitanter
730 683 816 714 scire
839 689 964 724 posset,
990 683 1127 725 quando
1151 682 1217 714 erit
1240 688 1373 723 tempus
1396 682 1559 714 movendi
1577 682 1761 714 exercitum
1778 688 1994 724 oportunum.

152 734 252 766 Tunc
277 734 326 766 illi
349 741 416 766 tam
441 735 615 767 metuendi
638 735 803 777 principis
826 735 961 776 imperii
986 734 1226 776 obsequentes,
1252 734 1436 777 diligenter
1459 735 1760 777 investigaverunt,
1785 735 1873 774 solis,
1898 735 1996 766 lune-

151 796 217 828 que
242 797 386 826 cursum,
410 787 628 829 planetorum
652 794 779 819 motum
804 794 838 819 et
861 788 1036 829 signorum
1061 788 1242 823 effectum3
1270 794 1304 818 et
1327 787 1406 818 artis
1429 787 1552 828 peritia
1575 787 1742 826 illustrati,
1758 787 1849 819 diem
1879 793 1913 819 et
1936 787 1997 818 ho-

151 850 234 878 ram,
258 846 292 871 et
314 846 478 882 punctum
504 841 755 872 evidentissime
778 841 992 879 invenerunt,
1015 841 1049 871 in
1075 840 1197 882 quibus
1222 839 1460 871 invictissimus
1482 841 1644 881 princeps
1662 839 1706 872 de
1723 841 1817 873 felici
1833 850 1997 882 processu

150 902 300 932 securus,
324 893 507 925 adversum
531 892 739 925 Mantuanos
761 893 827 924 iter
851 893 1000 935 ariperet
1024 893 1251 925 incuntanter.
1298 892 1344 924 At
1368 892 1425 924 ille
1450 893 1551 924 dictis
1576 903 1694 925 eorum
1718 893 1929 931 incumbens,
1961 894 1996 924 in

151 945 235 977 hora
264 946 405 986 prefissa
435 946 539 977 movit
571 946 758 977 exercitum
783 956 859 976 cum
884 945 1068 988 magnifico
1101 952 1277 987 apparatu.
1324 946 1363 976 In
1395 946 1490 976 cuius
1514 946 1675 977 auxilium
1703 947 1797 977 venit
1823 946 1997 978 Robertus

150 996 378 1037 Pelavicinus,
403 999 455 1030 vir
478 998 607 1029 calidus
632 1004 666 1029 et
690 997 850 1036 abstutus,
876 1008 952 1029 cum
976 997 1266 1030 Cremonensibus
1283 1004 1316 1029 et
1339 997 1549 1029 Placentinis
1565 1004 1598 1029 et
1622 998 1696 1030 aliis
1712 998 1869 1030 Ecclesie
1886 998 1997 1030 inimi-

152 1051 216 1088 cis;
241 1057 274 1082 et
296 1051 395 1082 simul
420 1051 630 1093 congregati,
655 1051 751 1093 quasi
768 1051 885 1083 leones
908 1051 1083 1093 rugientes
1108 1051 1151 1082 ad
1174 1051 1328 1091 predam,
1354 1050 1543 1082 districtum
1565 1051 1707 1083 Mantue
1731 1051 1941 1083 intraverunt
1964 1058 1999 1084 et

151 1103 275 1140 omnia,
300 1113 366 1146 que
391 1110 487 1135 erant
510 1104 544 1134 in
560 1103 660 1145 agris,
683 1102 892 1135 subsidendo
911 1109 945 1135 et
962 1103 1142 1135 evellendo
1160 1110 1193 1134 et
1210 1102 1460 1134 'comburendo
1484 1113 1592 1145 usque
1616 1104 1661 1135 ad
1685 1104 1779 1136 lacus
1795 1105 1993 1146 marginem,

150 1157 286 1197 penitus
309 1156 559 1188 destruxerunt.
605 1157 644 1187 In
666 1157 737 1188 istis
761 1156 923 1199 angustiis
946 1156 1211 1188 Mantuanorum
1235 1156 1326 1188 solus
1348 1156 1507 1188 Marchio
1531 1157 1674 1188 estensis
1697 1167 1775 1188 cum
1799 1157 1996 1189 Ferrarien-

152 1209 243 1241 sibus
267 1216 301 1242 et
322 1209 597 1241 Bononiensibus
620 1209 656 1239 in
681 1219 799 1241 eorum
823 1209 948 1240 auxilio
973 1215 1025 1240 est
1047 1209 1236 1251 profectus.

237 1263 327 1294 Dum
344 1262 447 1305 igitur
463 1262 637 1293 Ecellinus
655 1261 747 1293 circa
763 1262 1029 1293 Mantuanorum
1048 1262 1312 1294 destructionem
1330 1263 1503 1294 insisteret
1519 1263 1750 1301 vehementer,
1767 1263 1928 1306 Legat-us,
1945 1273 1999 1294 se-

149 1315 319 1356 ptiformis
342 1315 489 1356 Spiritus
512 1315 620 1357 gratie
644 1314 837 1353 illustratus,
853 1314 915 1346 sub
939 1325 1031 1356 pena
1054 1315 1418 1347 excommunicationis
1442 1325 1559 1347 omnes
1575 1315 1807 1354 Marchianos„
1825 1316 1884 1358 qui
1900 1316 1999 1359 fuge-

150 1374 226 1400 rant
249 1368 437 1400 dominium
461 1368 609 1399 Ecellini
633 1374 701 1399 tam
727 1368 770 1399 de
794 1367 946 1406 Verona,
971 1379 1072 1411 quam
1096 1367 1140 1399 de
1164 1367 1294 1406 padua,
1326 1368 1524 1406 Vincentia,
1549 1374 1584 1400 et
1615 1368 1781 1407 Trivbzio,
1810 1378 1997 1411 omnesque

151 1421 422 1465 cruce-signatos
452 1421 588 1452 insimul
620 1421 852 1464 congregavit.
899 1421 964 1453 Cui
991 1421 1207 1453 Venetorum
1240 1422 1432 1453 reverenda
1461 1422 1651 1454 comunitas
1682 1421 1933 1453 balisteriorum
1966 1428 2000 1454 et

149 1474 313 1516 pediturn,
343 1474 478 1506 navium
511 1479 545 1505 et
575 1474 772 1506 victualium
804 1474 948 1505 contulit
980 1474 1141 1505 auxilium
1173 1480 1389 1515 oportunum.
1436 1474 1594 1506 Ferraria
1625 1475 1716 1506 enim
1747 1475 1781 1505 in
1812 1474 1999 1506 subsidium

148 1527 271 1569 Legati
294 1527 498 1569 quingentos
514 1526 647 1568 pedites
664 1526 855 1558 destinavit.
896 1527 1061 1559 Omnibus
1078 1527 1194 1569 itaque
1213 1526 1304 1568 apud
1321 1527 1439 1558 turrim
1455 1527 1573 1570 Baybe
1591 1528 1821 1570 congregatis,
1845 1528 1998 1571 Legatus

148 1580 185 1611 in
209 1580 346 1612 nomine
371 1580 466 1612 Yesu
491 1579 620 1612 Christi
643 1579 883 1621 predicatione
919 1574 1048 1612 salubri
1084 1587 1118 1612 et
1152 1579 1246 1611 dulci
1272 1580 1480 1613 allocutione
1505 1580 1582 1612 illos
1615 1581 1829 1619 confortans,
1861 1581 1999 1613 intravit

150 1634 274 1672 navim,
298 1639 332 1665 et
348 1643 465 1665 omnes
489 1634 582 1665 idem
605 1633 777 1665 facientes
800 1643 967 1675 prospero
991 1644 1092 1665 cursu
1119 1643 1227 1676 usque
1252 1633 1296 1665 ad
1320 1633 1549 1677 Corigiolam¹
1567 1640 1811 1676 pervenerunt.
1842 1633 1998 1672 Quorum

149 1685 335 1718 adventum
357 1693 395 1719 ut
418 1686 549 1719 audivit
571 1686 781 1718 Ansedixius
805 1692 956 1728 potestas
980 1686 1099 1718 Padue
1113 1687 1134 1726 ³,
1159 1687 1272 1718 statim
1288 1687 1447 1728 precepit
1470 1697 1586 1719 omnes
1609 1694 1740 1720 meatus
1758 1687 1871 1720 claudi
1895 1699 2000 1730 aqua-

151 1751 236 1779 rum,
258 1746 296 1772 ut
319 1740 500 1772 deficiente
525 1750 614 1782 aqua
636 1740 672 1771 in
695 1740 793 1771 alveo
817 1740 964 1772 fluminis
987 1751 1093 1772 naves
1118 1750 1235 1771 eorum
1258 1740 1293 1771 in
1317 1740 1410 1772 sicco
1435 1741 1572 1781 penitus
1595 1747 1823 1773 remanerent.
1870 1741 2000 1773 Confe-

150 1793 228 1825 stim
251 1803 329 1824 cum
353 1792 475 1824 militia
499 1799 532 1824 et
554 1793 682 1834 populo
707 1793 938 1835 undequaque
963 1793 1098 1825 colecto
1122 1793 1264 1825 Plebem
1288 1791 1401 1824 sacci³
1425 1793 1575 1831 intravit,
1599 1793 1718 1836 ibique
1742 1793 1911 1835 disposuit
1933 1794 2000 1825 ini-

150 1846 315 1878 micorum
337 1846 503 1888 impetum
528 1845 711 1889 cohybere.
757 1845 804 1878 At
820 1846 879 1884 illi,
904 1852 1016 1878 castro
1033 1846 1288 1878 Concadalbari
1301 1846 1309 1861 ⁴
1328 1852 1523 1889 expugnato
1542 1852 1576 1878 et
1599 1847 1777 1879 combusto
1795 1847 1915 1890 burgo,
1933 1847 2000 1879 Ca-

151 1899 231 1941 pitis
247 1899 331 1931 silve
340 1899 364 1938 5,
381 1905 415 1931 et
439 1899 541 1931 etiam
556 1899 751 1931 Bubulente
764 1898 775 1915 ⁶
791 1899 889 1931 villas
914 1906 947 1931 et
970 1899 1097 1942 burgos
1113 1901 1373 1932 circumstantes
1390 1906 1557 1941 ceperunt
1579 1900 1762 1942 plurimum
1778 1900 1997 1942 perturbare3

151 1962 337 1994 omnesque
361 1952 497 1984 illorum
519 1952 759 1984 fortitudinem
782 1952 992 1984 metuebant.
1038 1953 1138 1984 Tunc
1169 1952 1381 1984 Ansedixius
1404 1953 1579 1984 admirans
1610 1953 1653 1985 de
1684 1953 1819 1985 illorum
1843 1954 2000 1991 audacia,

151 2015 358 2048 suorumque
383 2005 584 2043 secordiam,
612 2005 751 2037 dimissa
773 2005 880 2038 Plebe
905 2005 1010 2043 sacci,
1034 2005 1188 2037 Paduam
1213 2011 1263 2038 est
1288 2016 1453 2044 reversus,
1471 2005 1655 2039 intendens
1672 2012 1800 2038 tantum
1825 2006 1999 2039 civitatem

122 2083 124 2086 .
151 2058 298 2090 sollicite
316 2057 500 2091 custodire.

87 2431 128 2462 40

94 2961 123 2978 10

238 2112 389 2155 Legatus
411 2113 537 2154 itaque,
561 2119 599 2144 ut
621 2118 744 2155 potens
767 2113 818 2144 vir
846 2113 881 2144 in
912 2112 1026 2144 multis
1049 2119 1222 2154 expertus,
1254 2113 1375 2144 videns
1405 2118 1612 2154 potestatem
1635 2124 1699 2155 pre
1723 2113 1846 2146 timore
1878 2113 1997 2146 'nimio

152 2171 278 2197 terram
302 2165 510 2207 opulentam,
534 2165 668 2197 scilicet
690 2165 834 2198 Plebem
858 2166 962 2203 sacci,
986 2165 1150 2198 vilissime
1174 2166 1364 2208 reliquisse,
1389 2176 1459 2198 non
1483 2166 1550 2198 fuit
1573 2172 1756 2198 contentus
1772 2172 1903 2199 tantum
1920 2166 1995 2198 Ple-

152 2218 231 2250 bem
253 2219 346 2250 sacci
377 2223 515 2250 strenue
539 2228 744 2260 occupasse3
771 2225 823 2250 set
846 2218 964 2251 habito
989 2218 1133 2251 consilio
1164 2219 1366 2261 sapientum,
1398 2220 1568 2261 disposuit
1597 2230 1703 2262 usque
1734 2219 1889 2252 Paduam
1922 2230 1999 2252 cum

154 2271 307 2303 exercitu
329 2281 529 2313 properare.
575 2271 715 2303 Summo
738 2271 844 2314 igitur
867 2271 1029 2310 diluculo,
1054 2271 1112 2303 die
1138 2271 1228 2311 lune,
1259 2281 1311 2303 ΧΠ
1336 2278 1482 2304 exeunte
1507 2272 1613 2316 junio,
1647 2273 1810 2315 clangore
1842 2273 1999 2305 tubarum

151 2324 303 2356 exercitu
326 2324 486 2362 excitato,
511 2325 681 2367 armisque
704 2325 848 2357 viriliter
865 2325 908 2357 ab
925 2324 1081 2357 omnibus
1105 2325 1316 2367 aprehensis,
1340 2326 1472 2369 legatus
1496 2332 1574 2358 ante
1596 2337 1632 2357 se
1657 2326 1787 2358 deferri
1810 2326 1896 2358 tecit
1910 2327 1998 2358 alme

154 2378 266 2410 crucis
288 2378 461 2417 vexillum,
485 2379 579 2420 quod
602 2378 713 2410 secuti
737 2384 816 2410 sunt
840 2388 968 2416 omnes,
994 2378 1105 2410 animo
1135 2379 1322 2411 confidenti
1346 2379 1390 2410 de
1421 2380 1496 2411 celo
1528 2379 1689 2410 auxilium
1712 2379 1940 2421 postulantes3
1968 2386 2001 2412 et

152 2430 217 2463 iter
240 2430 474 2463 felicissimum
498 2431 702 2473 arripientes
734 2431 827 2462 omni
861 2431 1078 2473 supellectuli
1101 2437 1217 2473 preter
1248 2442 1341 2463 arma
1370 2432 1406 2462 in
1437 2431 1583 2463 navibus
1613 2432 1790 2470 derelicta,
1818 2443 1879 2474 per
1909 2432 1999 2464 viam

244 2552 266 2569 1.
280 2544 405 2577 peditum
415 2543 645 2575 Mun.;peditA;
661 2545 768 2576 pedites
788 2545 866 2568 Arm.
881 2557 891 2561 -
906 2544 988 2568 balis‘.
1001 2544 1024 2567 A
1032 2554 1042 2571 ,·
1057 2544 1194 2568 balistarii
1214 2543 1292 2568 Mun.
1314 2545 1392 2568 Am:
1412 2557 1423 2562 -
1444 2544 1561 2568 sollicite
1581 2545 1674 2574 :3qu
1694 2544 1807 2569 solliciti
1827 2544 1922 2575 Mum
1942 2545 1996 2569 sol-

152 2586 214 2610 licit
230 2586 254 2609 A
273 2599 283 2603 -
303 2586 511 2618 requisitorum]
533 2585 649 2617 requisit
667 2586 710 2612 A,·
729 2585 859 2617 requisiti
878 2585 956 2610 MUR.
976 2586 1055 2610 ANN.
1071 2599 1102 2602 —
1125 2593 1164 2609 11.
1186 2587 1366 2610 incuntanter
1384 2587 1472 2609 scritto
1488 2587 1701 2616 posteriormente
1720 2586 1789 2610 dallo
1809 2590 1883 2609 stesso
1902 2588 1998 2617 capistri

155 2630 182 2651 in
201 2628 224 2652 Α
239 2631 289 2659 per
307 2628 432 2658 rienzpire
451 2627 545 2650 lacuna
566 2641 598 2644 —-
620 2634 659 2651 12.
680 2627 800 2651 Ubertus
821 2626 898 2651 MUR.
918 2628 997 2651 ANN.
1019 2641 1049 2644 Α
1072 2633 1112 2658 13.
1135 2627 1223 2651 lacum
1244 2628 1286 2652 A:
1313 2628 1467 2660 marginem
1495 2629 1584 2651 scritto
1598 2629 1811 2658 posteriornzente
1836 2628 1906 2651 dallo
1925 2631 1999 2651 stesso

155 2671 250 2700 copc‘sta
269 2671 297 2692 in
316 2669 339 2692 A
356 2673 406 2700 par
424 2670 548 2700 ricmpi‘re
568 2669 663 2692 lamma
683 2682 714 2685 —
739 2674 777 2698 17.
798 2668 942 2700 profertus
961 2669 984 2691 A
1005 2683 1036 2686 ,ἡ
1058 2676 1098 2693 22.
1119 2668 1207 2700 enim]
1223 2676 1330 2700 quoque
1345 2669 1439 2697 Mus.;
1459 2670 1542 2693 etiarn
1564 2671 1644 2693 ANK.
1664 2684 1695 2686 —
1717 2676 1758 2700 24.
1779 2670 1999 2702 predicationem

154 2712 193 2738 A:
207 2711 423 2744 predicationem
437 2712 568 2735 istituens
581 2713 608 2735 et
627 2710 705 2735 Mun.
720 2725 751 2728 —
767 2717 807 2741 27.
828 2711 907 2735 alveo
920 2712 1009 2734 scritto
1018 2712 1231 2741 posterz'ommwte
1245 2712 1273 2733 in
1286 2711 1310 2733 A
1323 2710 1392 2733 dallo
1405 2714 1480 2734 stesso
1493 2713 1588 2742 copista
1601 2715 1676 2742 sopra
1691 2719 1740 2734 uno
1754 2713 1837 2742 spazio
1851 2711 1956 2734 laniato
1970 2712 1998 2734 in

154 2754 243 2776 bianco
263 2766 296 2770 —
316 2753 357 2777 28.
373 2753 465 2784 prima
484 2753 513 2775 di
530 2760 594 2776 curn
614 2753 692 2776 MUR.
719 2760 776 2784 agg.
804 2759 871 2776 vero
897 2766 929 2770 —
955 2759 999 2783 31.
1018 2752 1202 2777 fortitudines
1227 2753 1250 2775 A
1269 2766 1300 2769 ——-
1322 2759 1363 2783 37.
1383 2753 1536 2783 exlangore
1553 2753 1594 2779 A:
1613 2753 1746 2785 clangore
1766 2753 1843 2777 Mun.
1864 2753 1942 2777 Axx.
1970 2767 1998 2770 —

156 2802 197 2826 40.
217 2796 336 2819 navibus
354 2795 393 2818 col
411 2794 490 2819 Mun.
509 2798 589 2818 tratto
609 2795 681 2826 degli
699 2795 793 2825 Any&
813 2795 941 2819 manibus
960 2795 984 2817 A

240 2871 248 2888 ¹
268 2873 418 2898 Correzola
436 2872 479 2897 fra
497 2873 636 2904 Chioggia
655 2880 670 2896 e
688 2873 851 2897 Monselice.
1191 2871 1201 2885 π
1221 2873 1304 2896 Pieve
1324 2873 1353 2897 di
1372 2873 1458 2897 Sacco
1477 2880 1494 2897 a
1513 2873 1620 2896 sud-est
1640 2873 1669 2896 di
1688 2873 1809 2898 Padova.

239 2913 249 2929 ²
268 2915 419 2938 Ansedisio
439 2914 482 2938 de'
496 2914 627 2939 Guidotti
641 2913 675 2938 da
689 2915 818 2938 Treviso.
839 2914 959 2944 GLomA,
975 2915 1047 2938 Mun.
1192 2913 1202 2928 “¹
1225 2914 1432 2939 Concadalbero
1451 2914 1496 2938 fra
1516 2914 1656 2946 Chioggia
1674 2921 1689 2938 e
1708 2915 1870 2938 Monselice.

152 2956 219 2979 della
247 2956 394 2979 Universa&
421 2956 450 2978 di
472 2956 576 2979 Pudor-a
602 2954 779 2987 (1222-1313)
806 2957 886 2986 parte
912 2955 932 2985 Ι,
959 2956 1048 2979 Vene-
1191 2954 1202 2970 5
1221 2956 1361 2980 Conselve
1381 2964 1397 2981 a
1416 2956 1466 2980 sud
1485 2956 1514 2979 di
1533 2956 1657 2980 Padova.

151 3000 201 3028 zia,
226 2998 299 3030 1884.
1191 2995 1201 3010 ’ἶ
1222 2997 1378 3021 Bovoienta
1396 3004 1412 3021 a
1431 2998 1538 3021 sud-est
1557 2997 1584 3021 di
1603 2997 1727 3022 Padova.

2067 381 2086 395 c.
2102 376 2150 398 ji'r

2071 1115 2146 1135 Mun..

2074 2130 2092 2144 c.
2107 2124 2136 2147 38

2163 1115 2200 1133 319
