2297 3476
81 1270 136 1288 Mun

142 1283 156 1293 .,
170 1268 207 1289 Μ

290 172 334 211 74
923 171 1235 207 CHRONICON
1262 170 1493 206 ESTENSE
1959 176 2009 210 [A.
2030 178 2124 209 1:309]

283 314 325 335 ne
350 303 505 334 fulcitam
529 302 573 333 ad
598 301 833 333 defensionem
858 299 1008 331 civitatis
1031 309 1094 340 pro
1113 299 1189 337 illis,
1215 300 1273 341 qui
1297 299 1333 330 in
1350 298 1472 330 Castro
1497 298 1611 331 tealdo
1637 304 1733 330 erant
1756 299 1912 340 inimicis,
1938 311 2123 344 omnesque

285 357 343 388 alii
367 356 460 388 cives
484 355 638 386 forenses
661 353 828 385 balistarii
845 353 933 384 irent
950 353 978 384 F
980 353 1194 384 rancolinum
1210 354 1230 390 ¹,
1249 362 1292 384 ne
1308 352 1449 394 aliquod
1473 352 1710 384 fulcimentum
1727 353 1935 392 victualium,
1953 365 2016 386 nec
2033 354 2125 386 aliud

286 411 335 441 ire
359 414 473 451 posset
497 408 540 438 ad
565 406 756 438 exercitum
780 406 1044 442 Veneticorum3
1070 412 1104 437 et
1127 405 1177 437 ita
1194 406 1364 444 fecerunt,
1383 411 1416 437 et
1432 404 1673 437 Francolinum
1698 405 1834 437 iverunt
1857 417 1934 438 cum
1958 408 2123 439 exercitu.

283 462 417 493 Tamen
442 460 498 491 ille
522 458 650 501 probus
666 458 719 489 vir
733 458 889 489 marchio
907 457 1113 489 Franciscus
1139 457 1290 495 estensis,
1308 456 1365 498 qui
1382 467 1517 498 semper
1533 456 1622 488 bona
1639 457 1707 489 fide
1723 457 1900 500 pergebat,
1917 459 2012 499 dixit,
2035 460 2126 502 quod

285 515 317 546 ei
341 525 408 545 non
433 512 615 545 videbatur
639 512 733 543 aliud
756 512 887 548 facere,
911 511 977 542 nisi
1009 521 1114 542 unum
1139 516 1278 552 pontem
1302 520 1405 552 super
1421 510 1572 547 Padum;
1602 516 1634 542 et
1656 511 1851 552 preparatis
1874 512 2027 551 navibus,
2052 524 2127 545 san-

285 567 430 599 donibus
453 566 496 598 de
521 565 720 597 molendino
745 565 832 596 fecit
855 565 928 596 fieri
952 570 1092 606 pontem
1117 564 1245 596 bonum
1271 570 1304 595 et
1327 564 1459 595 firmum
1484 563 1577 595 iuxta
1600 563 1708 605 ripam
1733 564 1831 601 Padi;
1860 571 1978 606 postea
2002 566 2128 598 direxit

285 621 394 662 ipsum
419 619 507 650 ultra
531 618 675 656 Padum,
701 617 734 649 V
736 617 881 649 eneticis
905 617 1123 649 obviantibus
1146 627 1224 649 cum
1257 617 1348 648 omni
1382 627 1484 659 posse
1516 617 1606 658 apud
1638 617 1765 649 dictum
1789 623 1928 659 pontem
1958 629 2035 650 cum
2058 619 2127 650 suis

283 673 384 715 lignis
408 678 473 704 etc.
520 672 564 703 Et
587 670 725 702 fortiter
756 670 934 712 preliando
959 681 1035 702 cum
1068 670 1118 701 eis
1142 670 1185 701 de
1210 671 1373 711 ponte'et
1397 681 1474 702 cum
1499 669 1600 701 ferris
1625 676 1659 701 et
1683 670 1758 701 aliis
1782 670 1928 714 ingeniis
1956 671 2128 702 conaban-

284 733 338 758 tur
354 726 514 768 frangere
539 730 678 765 pontem
704 729 738 755 et
762 735 840 755 cum
863 723 996 755 balistis
1020 729 1054 754 et
1078 723 1153 755 ollis
1175 723 1286 765 plenis
1310 723 1472 755 stercoris
1495 729 1529 755 et
1558 724 1655 754 urine
1681 729 1714 755 et
1737 723 1853 755 calcee
1885 730 1918 756 et
1942 734 2071 766 sapone
2095 730 2128 755 et

284 780 445 821 sulphure
462 789 538 810 cum
555 777 633 819 pice
651 782 685 808 et
701 776 780 819 igne
798 776 842 807 ad
860 775 1130 808 comburendum
1144 785 1248 808 naves
1266 776 1391 817 pontis.
1438 776 1597 807 Marchio
1614 782 1728 807 autem
1746 777 1774 808 F
1776 777 1951 808 ranciscus
1967 776 2127 808 continue

286 832 355 864 ibat
378 832 445 863 huc
470 831 561 869 illuc,
587 831 788 862 confortans
811 829 942 861 amicos
967 840 1045 861 suos
1069 829 1273 866 bellatores3
1300 835 1333 861 et
1367 829 1431 871 ipsi
1454 829 1597 860 viriliter
1627 828 1841 868 resistebant,
1874 830 1924 862 sic
1949 836 1981 862 et
2005 830 2128 867 taliter,

283 886 375 929 quod
401 890 590 927 coegerunt
614 883 800 915 Veneticos
816 883 941 915 reverti
958 883 1003 914 ad
1018 883 1217 920 exercitum,
1231 882 1287 925 qui
1305 888 1388 914 tunc
1406 887 1479 914 erat
1495 882 1638 914 Paviole
1653 882 1675 920 2,
1692 893 1799 924 prope
1818 884 2059 915 Francolinum
2086 883 2129 914 ad

282 951 385 971 unum
410 938 563 976 milliare,
586 937 645 968 ubi
670 942 836 969 steterunt
860 936 1013 978 pluribus
1037 936 1168 969 diebus.
1202 936 1457 967 Nichilominus
1474 941 1546 967 tota
1571 936 1628 967 die
1652 936 1886 977 preliabantur
1904 937 1946 968 ad
1970 936 2126 974 invicem,

284 999 318 1024 et
342 991 449 1023 nichil
472 990 708 1032 proficiebant.
755 989 916 1021 Venetici
940 989 1102 1021 videntes
1120 999 1189 1021 non
1206 999 1305 1031 posse
1322 989 1465 1020 transire
1489 994 1641 1030 pontem,
1659 995 1791 1021 secrete
1807 989 1971 1021 nuncium
1996 989 2130 1021 direxe-

281 1052 359 1077 runt
382 1044 573 1076 Ferrariam
598 1043 642 1074 ad
666 1052 736 1081 eos,
761 1043 820 1085 qui
845 1048 943 1074 erant
966 1042 1001 1073 in
1034 1042 1154 1074 Castro
1186 1042 1310 1079 tealdo,
1342 1042 1434 1084 quod
1465 1041 1578 1073 subito
1602 1042 1786 1074 micterent
1812 1048 1922 1075 totum
1945 1042 2128 1085 navigium,

284 1099 376 1141 quod
399 1104 472 1130 erat
494 1097 552 1135 ibi,
577 1106 682 1138 usque
708 1096 887 1128 stellatam
913 1095 1074 1138 Figaroli,
1105 1101 1225 1137 postea
1256 1095 1408 1127 redirent
1440 1106 1502 1137 per
1533 1095 1665 1127 Padum
1689 1105 1797 1138 usque
1822 1096 1952 1128 dictum
1975 1101 2128 1137 pontem,

285 1153 333 1184 ita
357 1152 450 1194 quod
475 1150 558 1192 ipsis
581 1148 810 1182 existentibus
834 1148 876 1180 ab
900 1158 969 1180 uno
993 1149 1113 1187 latere,
1148 1155 1181 1181 et
1211 1149 1286 1180 aliis
1310 1149 1352 1180 ab
1376 1148 1454 1187 alio,
1479 1154 1619 1190 possent
1647 1149 1768 1180 melius
1792 1149 1953 1192 frangere
1977 1154 2128 1191 pontem,

285 1211 319 1237 et
341 1204 460 1237 venire
485 1203 687 1236 Ferrariam.
731 1202 792 1234 Set
816 1202 1037 1234 Ferarienses
1061 1203 1105 1233 ad
1129 1203 1196 1234 hoc
1213 1202 1450 1244 providerunt,
1476 1207 1510 1233 et
1533 1202 1646 1233 statim
1663 1202 1827 1233 miserunt
1850 1202 2043 1234 Ferrariam
2066 1212 2130 1243 per

284 1264 422 1290 catenas
446 1255 674 1298 episcopa'tus
699 1255 792 1287 dicte
818 1255 976 1292 civitatis,
1001 1266 1067 1297 que
1092 1254 1141 1286 ibi
1165 1261 1263 1286 erant
1272 1267 1280 1291 3
1307 1260 1341 1286 et
1363 1254 1488 1286 habitis
1512 1255 1667 1286 cathenis
1691 1254 1735 1286 ad
1761 1255 2004 1287 Francolinum
2028 1254 2129 1286 valde

286 1312 373 1343 bene
396 1311 615 1342 firmaverunt
632 1309 762 1341 dictum
779 1314 930 1351 pontem.
978 1308 1110 1340 Tamen
1127 1307 1299 1346 Venetici,
1318 1308 1374 1350 qui
1393 1314 1489 1340 erant
1505 1308 1538 1339 in
1560 1307 1681 1340 Castro
1705 1309 1833 1346 tealdo,
1857 1313 2128 1350 preparaverunt

281 1364 456 1408 navigium
480 1374 586 1401 suum,
612 1363 698 1394 duas
720 1373 864 1405 magnas
887 1372 992 1393 naves
1016 1361 1139 1404 ligatas
1165 1361 1318 1393 cathenis
1343 1371 1419 1392 cum
1452 1371 1577 1404 magno
1602 1361 1791 1393 buttifredo
1822 1361 1910 1393 bene
1938 1361 2071 1398 fulcito,
2097 1367 2130 1392 et

280 1417 435 1449 similiter
458 1416 543 1448 alios
568 1416 682 1458 lignos
705 1415 793 1447 bene
817 1420 957 1456 paratos
975 1420 1008 1446 et
1025 1420 1191 1455 ceperunt
1206 1414 1256 1445 ire
1274 1423 1390 1445 versus
1416 1414 1604 1446 Stellatam.
1644 1415 1863 1446 Ferarienses
1885 1414 2070 1446 existentes
2086 1413 2129 1445 ab

283 1481 350 1503 uno
373 1471 481 1502 latere
507 1469 668 1506 civitatis,
693 1475 726 1500 et
750 1468 985 1500 Bononienses
1010 1473 1043 1498 et
1069 1467 1295 1499 Romandioli
1321 1467 1362 1499 ab
1387 1467 1454 1498 alio
1479 1467 1585 1498 latere
1607 1474 1861 1509 proposuerunt
1884 1468 1932 1498 ire
1956 1472 2034 1509 post
2058 1467 2130 1499 dic-

283 1530 353 1555 tum
377 1522 539 1555 navilium
565 1522 826 1558 Veneticorum3
845 1527 878 1553 et
905 1531 963 1553 eos
987 1520 1158 1552 vulnerari
1183 1525 1349 1562 ceperunt
1374 1530 1451 1552 cum
1475 1520 1613 1559 balistis,
1637 1526 1671 1552 et
1695 1521 1851 1553 similiter
1873 1521 1962 1558 illos,
1988 1520 2046 1563 qui
2070 1531 2130 1551 na-

285 1587 344 1608 ves
368 1576 529 1614 tirabant,
555 1582 589 1607 et
614 1575 775 1607 custodes
799 1574 947 1613 navium,
971 1574 1019 1606 ita
1043 1574 1137 1616 quod
1161 1573 1219 1605 vix
1243 1573 1290 1604 ire
1314 1578 1483 1615 poterant.

371 1630 438 1661 Die
462 1639 500 1661 xr
524 1629 649 1660 mensis
672 1628 807 1671 augusti
823 1629 858 1659 in
877 1628 970 1660 dicto
995 1627 1184 1665 millesimo,
1202 1627 1283 1658 luna
1300 1626 1506 1664 obscuravit,
1525 1633 1558 1658 et
1573 1627 1680 1659 rubea
1696 1628 1798 1665 stetit,
1815 1633 1848 1659 et
1865 1628 2053 1668 cohoperta
2068 1636 2131 1668 per

283 1694 441 1727 magnam
458 1683 587 1714 horam.
612 1682 745 1713 Tamen
762 1681 990 1718 Ferarienses,
1006 1680 1063 1722 qui
1081 1685 1177 1711 erant
1194 1690 1213 1710 a
1229 1680 1335 1711 latere
1351 1679 1520 1717 Ferrarie‚
1538 1680 1698 1712 insultum
1717 1680 1881 1712 continuo
1897 1680 2071 1712 faciebant
2086 1679 2131 1710 ad

285 1737 441 1768 Castrum
466 1735 634 1772 tealdum3
659 1733 705 1766 et'
730 1733 963 1765 Bononienses
988 1739 1021 1765 et
1044 1732 1271 1765 Romandioli
1296 1731 1340 1764 ab
1364 1732 1432 1763 alio
1458 1732 1563 1764 latere
1580 1733 1667 1765 Padi
1684 1733 1845 1765 insultum
1869 1733 2031 1765 faciendo
2049 1742 2131 1764 con-

285 1796 336 1821 tra
359 1788 526 1826 inimicos,
552 1787 610 1830 qui
635 1793 731 1820 erant
762 1787 851 1819 ultra
881 1786 1030 1823 Padum;
1057 1796 1162 1828 quare
1186 1795 1249 1827 per
1280 1785 1350 1816 vim
1382 1792 1594 1827 acceperunt
1618 1786 1736 1817 turrim
1764 1787 1852 1818 ultra
1883 1786 2026 1823 Padum,
2051 1784 2131 1827 quia

285 1842 446 1874 navilium
469 1841 685 1873 inimicorum
709 1851 778 1872 non
803 1846 877 1871 erat
900 1839 961 1871 ibi.
1008 1839 1054 1870 Et
1075 1844 1198 1880 postea
1220 1838 1454 1870 Bononienses
1472 1844 1505 1870 et
1528 1838 1754 1871 Romandioli
1778 1839 1984 1871 transierunt
2006 1839 2130 1870 flumen

285 1905 361 1926 cum
387 1895 490 1926 certis
513 1893 677 1931 navibus3
701 1898 735 1925 et
759 1892 808 1924 sic
832 1892 899 1934 ipsi
923 1892 967 1924 ab
991 1902 1061 1924 uno
1086 1891 1192 1923 latere
1210 1897 1244 1923 et
1260 1891 1479 1923 Ferarienses
1502 1890 1546 1922 ab
1570 1892 1636 1923 alio
1661 1898 1891 1934 pervenerunt
1916 1892 1959 1923 ad
1982 1892 2131 1934 Burgum

284 1947 505 1989 superiorem,
530 1951 563 1978 et
585 1946 731 1988 burgum
754 1945 955 1982 habuerunt,
980 1949 1014 1975 et
1046 1943 1169 1975 multos
1193 1943 1395 1975 occiderunt
1418 1943 1630 1975 Venetorum
1661 1951 1694 1976 et
1725 1944 1879 1977 aliorum.
1922 1945 1962 1976 In
1986 1945 2052 1976 fine
2076 1944 2133 1975 die

284 2009 397 2031 xxvnr
423 2000 549 2032 mensis
566 1999 701 2042 augusti
724 1999 758 2029 in
783 1999 838 2030 die
862 1997 951 2030 beati
974 1996 1159 2039 Augustini
1183 1996 1335 2028 conflicti
1359 1997 1499 2028 fuerunt
1514 1997 1675 2029 Venetici
1700 2008 1828 2036 omnes,
1850 2003 1885 2030 et
1909 1997 1965 2040 qui
1989 2007 2067 2029 cum
2084 1997 2133 2028 eis

284 2059 381 2085 erant
404 2053 438 2084 in
462 2053 554 2085 dicto
580 2051 700 2084 Castro
725 2051 841 2083 tealdo
867 2057 901 2082 et
916 2051 1032 2093 Burgo
1050 2049 1219 2092 superiori
1242 2055 1276 2081 et
1299 2049 1334 2080 in
1359 2060 1492 2092 campo,
1517 2050 1576 2092 qui
1601 2056 1673 2082 erat
1689 2052 1778 2082 ultra
1800 2051 1943 2082 Padum.
1983 2049 2132 2082 Nomina

284 2113 457 2139 certorum
481 2106 656 2138 hominum
680 2111 890 2136 mortuorum
915 2110 992 2135 sunt
1016 2104 1096 2135 hec:
1123 2103 1283 2135 dominus
1313 2103 1518 2146 Raynaldus
1550 2104 1592 2136 de
1616 2104 1798 2143 Marcaria‚
1824 2104 1980 2136 dominus
2005 2103 2131 2135 Galva-

290 2171 352 2191 nus
375 2160 417 2191 de
442 2159 594 2191 Gaffaris
618 2159 662 2191 de
685 2159 838 2196 Mantua,
863 2168 918 2189 ser
941 2157 1188 2189 Marchexinus
1224 2157 1266 2188 de
1301 2156 1505 2199 Maynardis
1537 2157 1580 2188 de
1612 2156 1764 2196 Feraria,
1789 2168 1845 2189 ser
1869 2157 2065 2199 Sgavardus
2088 2155 2131 2187 de

285 2213 401 2255 Burgo
425 2212 593 2254 superiori
617 2212 659 2243 de
684 2211 836 2250 Feraria,
860 2217 894 2243 et
917 2210 1011 2242 multi
1035 2210 1093 2241 alii
1102 2222 1110 2247 ς
1145 2215 1178 2241 et
1210 2210 1431 2252 detrahynati
1463 2210 1602 2242 fuerunt
1633 2221 1711 2242 cum
1744 2209 1902 2242 omnibus
1927 2209 2003 2241 aliis
2025 2210 2132 2241 inter-

288 2266 389 2297 fectis
419 2275 526 2307 usque
559 2263 739 2306 quamdam
772 2270 918 2305 ruptam,
955 2274 1055 2306 quam
1090 2263 1224 2304 ipsimet
1255 2262 1415 2294 fecerant
1446 2262 1481 2293 in
1513 2263 1628 2304 capite
1660 2263 1818 2295 Ferrarie
1841 2269 1936 2294 extra
1960 2262 2131 2294 civitatem

289 2328 392 2349 causa
415 2317 560 2349 necandi
585 2327 702 2348 omnes
726 2316 961 2348 Ferrarienses
977 2321 1010 2347 et
1029 2314 1212 2347 civitatem.
1248 2315 1292 2346 Et
1316 2315 1411 2346 dicta
1435 2321 1535 2356 rupta
1552 2315 1646 2347 facta
1663 2316 1730 2347 fuit
1753 2326 1795 2347 ex
1819 2315 1963 2347 consilio
1986 2313 2133 2356 predicti

287 2382 341 2402 ser
371 2369 550 2413 Sgavardi.
597 2369 642 2401 Et
672 2369 721 2401 sic
753 2379 870 2400 omnes
902 2369 1026 2400 mortui
1058 2379 1201 2400 numero
1232 2371 1434 2398 MVH‘LVIIII
1469 2368 1670 2400 catervatim
1700 2368 1792 2399 missi
1816 2368 1954 2399 fuerunt
1977 2367 2012 2398 in
2036 2367 2131 2399 dicta

287 2429 401 2465 rupta;
427 2434 533 2465 quare
560 2423 675 2454 clausa
698 2421 766 2454 fuit
790 2422 921 2464 integre
946 2422 1048 2453 dictis
1066 2421 1271 2463 corporibus
1286 2421 1496 2458 interfecti53
1523 2427 1557 2453 et
1580 2431 1681 2463 super
1698 2431 1814 2452 omnes
1830 2420 1991 2452 miserunt
2008 2430 2132 2461 corpus

287 2487 341 2508 ser
365 2476 534 2518 Sgavardi
559 2475 705 2517 predicti
722 2475 757 2506 in
773 2474 938 2507 memoria
954 2475 1065 2506 insani
1090 2474 1231 2506 consilii.
1279 2474 1332 2505 De
1356 2474 1547 2506 subfocatis
1569 2475 1605 2506 in
1629 2474 1726 2506 Pado
1750 2473 1859 2505 nichil
1880 2473 2036 2512 dicimus,
2052 2472 2132 2515 quia

288 2539 464 2560 numerum
496 2528 714 2570 ignoramus3
747 2533 798 2560 set
830 2527 1002 2559 credimus
1032 2527 1155 2559 multos
1186 2527 1328 2569 perisse,
1360 2527 1441 2569 quia
1465 2533 1543 2568 post
1573 2537 1702 2569 paucos
1726 2526 1798 2559 dies
1824 2526 1964 2558 inventa
1994 2525 2132 2556 fuerunt

289 2581 395 2612 multa
419 2590 566 2622 corpora
589 2581 770 2619 suffocata,
794 2590 860 2623 que
883 2591 972 2622 aqua
987 2579 1075 2612 Padi
1098 2579 1292 2611 deducebat
1317 2579 1600 2622 circumquaque:
1625 2585 1659 2611 et
1682 2579 1748 2611 fuit
1770 2578 1950 2610 multitudo
1975 2577 2130 2615 maxima,

379 2723 403 2747 3.
422 2717 511 2741 Venet
529 2718 553 2741 A
579 2731 606 2734 —
630 2724 668 2742 12.
681 2717 802 2742 VenetA
818 2731 849 2734 —
867 2724 906 2749 14.
920 2717 1020 2741 Venet.
1041 2717 1112 2748 ipsis
1130 2714 1292 2741 'videntibus
1306 2717 1328 2739 Α
1345 2730 1377 2733 -
1401 2716 1439 2740 16.
1459 2716 1604 2740 Stallatam
1618 2716 1642 2739 A
1656 2728 1666 2733 -
1684 2714 1818 2747 redirent]
1839 2714 1932 2738 redire
1944 2714 1967 2738 Α
1989 2727 2020 2731 -—
2043 2714 2129 2746 18-19.

289 2767 339 2792 pro
359 2759 464 2783 catenis
483 2759 562 2784 MUR.
581 2773 613 2777 —-
634 2766 677 2791 24.
696 2760 795 2784 Venet.
814 2760 837 2783 Α
852 2773 884 2777 —
898 2758 941 2791 36.
960 2760 1022 2789 dopo
1042 2759 1205 2791 Maynardis
1224 2759 1255 2782 de
1275 2760 1303 2782 in
1317 2759 1340 2782 A
1351 2766 1428 2790 segne
1442 2759 1560 2782 Mantua
1579 2761 1685 2789 espunto
1700 2772 1731 2775 -—
1747 2758 1787 2788 38.
1807 2764 1893 2789 usque
1913 2757 1948 2780 ad
1961 2757 1986 2779 B
1999 2756 2076 2781 Mun.
2098 2769 2130 2773 -

290 2808 329 2833 39.
350 2801 412 2831 dopo
425 2801 544 2832 predicti
565 2802 639 2825 MUR.
660 2808 718 2832 agg.
739 2801 844 2825 scilicet
865 2814 896 2818 —
911 2808 953 2832 40.
968 2800 1012 2823 nel
1029 2802 1148 2832 mlv-gfne
1168 2801 1251 2824 destro
1271 2801 1300 2823 di
1318 2808 1393 2823 mano
1406 2801 1518 2823 seriore:
1539 2800 1726 2831 Sguavardus,
1746 2807 1758 2822 c
1778 2799 1821 2822 nel
1839 2799 1959 2830 mmgrine
1978 2799 2083 2821 sinistro
2102 2798 2132 2820 di

290 2845 416 2866 carattere
436 2842 588 2866 maizei-colo:
609 2843 685 2867 Nota
705 2856 716 2860 -
734 2841 986 2873 MDCCCLVIHI]
1007 2842 1208 2868 MDCCCLIV
1228 2843 1302 2866 Mun.
1320 2856 1351 2859 —
1371 2849 1413 2874 42.
1434 2841 1539 2873 insani]
1560 2842 1620 2865 sani
1640 2842 1663 2865 A

382 2920 388 2936 ¹
409 2922 574 2946 Francolino
595 2923 638 2946 nel
658 2922 785 2946 Polesine
803 2929 819 2946 a
842 2929 869 2946 12
890 2922 939 2945 kil.
960 2922 994 2946 da
1014 2923 1138 2946 Fer-rara.
1328 2919 1339 2936 2
1358 2921 1474 2946 Paviole
1486 2920 1553 2946 fraz.
1568 2921 1611 2945 del
1624 2928 1693 2945 com,
1708 2921 1737 2944 di
1751 2920 1863 2946 Canaro
1873 2928 1953 2952 prov.
1967 2919 1995 2944 di
2009 2919 2127 2951 Rovigo.

2157 777 2193 807 10

2157 1040 2193 1073 15

2151 1308 2193 1338 20

2155 1838 2196 1869 30

2154 2101 2196 2133 35

2155 2366 2197 2397 40
