2307 3592
93 592 110 624 5

73 860 110 889 lO

74 1212 110 1242 15

69 1548 111 1578 20

71 1813 90 1843 ω

95 1823 111 1842 υ
96 1811 110 1818 ι

80 2583 110 2600 10

78 3004 111 3022 20

139 258 223 292 [AA.
245 258 443 289 1218-1215]
774 249 1085 286 CHRONICON
1118 247 1348 284 ESTENSE
1959 250 1979 285 9

223 381 356 414 Eodem
378 380 557 412 millesimo
580 380 635 412 die
658 389 681 411 x
706 379 831 411 mensis
855 378 970 420 aprilis
993 377 1087 409 facta
1110 377 1174 409 fuit
1196 387 1264 418 pax
1288 377 1375 408 inter
1400 376 1574 408 dominum
1597 376 1836 409 Marchionem
1859 383 1893 409 et
1922 379 1983 410 do-

135 434 263 466 minum
286 433 541 476 Salinguerram
567 432 610 464 ad
634 432 778 464 Pontem
802 431 919 463 Ducis.

222 486 355 519 Eodem
378 486 566 525 millesimo,
591 496 668 517 cum
685 484 808 517 nobilis
824 483 976 516 marchio
993 483 1272 515 Aldrovandinus
1295 482 1402 514 nollet
1426 482 1626 515 comunitati
1648 483 1768 515 Padue
1791 483 1981 523 subiacere,

134 539 288 572 Paduani
310 539 438 572 Arcem
463 545 630 572 estensem
655 549 732 570 cum
756 537 922 569 machinis
946 537 1185 568 obsederunt1.
1232 535 1364 568 Videns
1382 542 1492 568 autem
1517 536 1668 569 marchio
1692 535 1984 575 Aldrovandinus,

134 604 170 625 se
194 604 264 625 non
287 603 388 635 posse
412 593 540 624 amicos
562 603 641 624 suos
665 592 723 634 qui
747 590 983 623 ossidebantur
1006 590 1185 622 commode
1210 588 1382 627 adiuvare,
1406 589 1601 632 pariterque
1624 589 1747 629 sciens,
1763 589 1843 632 quia
1860 591 1980 622 durum

135 652 185 678 est
208 652 329 678 contra
351 646 523 678 stimulum
547 645 739 684 calcitrare,
765 650 905 676 coactus
929 643 973 674 ad
998 643 1218 675 concordiam
1243 642 1410 684 pervenit,
1436 648 1469 674 et
1492 643 1579 675 facti
1594 649 1672 675 sunt
1694 643 1895 676 obedientes
1916 643 1983 675 Pa-

135 699 272 736 duanjs;
298 705 331 731 et
355 699 525 731 exercitus
549 699 593 730 ad
616 698 756 741 propria
779 697 954 729 remeavit.

223 752 356 784 Eodem
380 752 568 790 millesimo,
594 763 671 784 cum
694 750 874 783 Monticuli
906 760 964 782 sex
988 749 1083 781 annis
1108 756 1142 782 et
1165 749 1298 781 duobus
1322 749 1494 781 mensibus
1523 756 1618 781 extra
1650 749 1823 782 Veronam
1856 761 1984 782 moram

133 806 380 847 pertrassisent‚
397 811 547 847 potestas
563 805 681 837 Padue
698 804 853 836 Marinus
869 804 965 849 §Zeno
979 803 990 820 ²
1007 809 1042 835 et
1057 803 1214 835 Paduani
1231 803 1421 835 comuniter
1438 803 1720 844 compositionem
1737 803 1824 835 inter
1840 804 1932 846 ipsos
1949 811 1982 837 et

134 864 265 900 partem
279 859 421 891 Comitis
437 859 684 891 'tractaverunt
697 863 730 889 et
743 858 836 889 circa
848 857 972 889 festum
987 857 1078 889 beati
1094 856 1232 889 Martini
1250 856 1511 888 introduxerunt
1521 867 1580 888 eos
1593 856 1738 898 pacifice
1752 857 1785 888 in
1799 857 1984 890 Veronam.

945 971 1131 1004 Mccxni
1134 971 1163 1014 J.

224 1054 405 1087 Monticuli
428 1065 497 1087 non
521 1054 787 1091 considerantes,
806 1052 898 1095 quod
915 1052 951 1083 in
968 1053 1059 1084 omni
1073 1052 1084 1069 ³
1109 1051 1245 1094 negotio
1263 1051 1423 1093 temporis
1440 1058 1490 1083 est
1507 1052 1742 1094 opportunitas
1759 1053 1984 1094 observanda,

133 1106 369 1149 intempestive
394 1113 559 1149 ceperunt
581 1113 714 1149 partem
737 1105 878 1138 Comitis
902 1105 1094 1136 calcitrare.
1140 1103 1226 1136 Pars
1248 1113 1331 1135 vero
1358 1102 1501 1136 Comitis
1518 1104 1659 1146 expulsa
1681 1111 1850 1147 potestate
1868 1117 1984 1139 comu-

135 1159 257 1197 nitatis,
281 1159 528 1202 Pegorarium⁴
552 1170 649 1191 suum
673 1159 783 1191 civem
807 1158 840 1189 in
864 1163 1069 1200 potestatem
1094 1162 1289 1189 constanter
1314 1156 1428 1197 elegit,
1452 1157 1561 1188 virum
1589 1158 1705 1200 utique
1741 1159 1927 1201 sapientem
1952 1166 1986 1192 et

134 1212 290 1253 pollitica
313 1213 457 1244 scientia
480 1212 689 1244 decoratum.
736 1210 919 1243 Monticuli
951 1210 1098 1252 impares
1130 1209 1259 1241 viribus
1291 1219 1326 1241 se
1351 1209 1518 1248 videntes,
1542 1216 1624 1242 tunc
1650 1212 1814 1253 temporis
1837 1212 1899 1244 sub
1924 1213 1984 1244 ad-

136 1265 291 1298 versariis
326 1266 496 1298 humiliter
525 1266 737 1308 quieverunt.
1427 1269 1429 1271 '

768 1361 948 1395 MCCXV.
973 1362 1025 1393 De
1050 1370 1166 1393 mense
1192 1360 1352 1392 octubris.

220 1440 377 1474 Paduani
393 1442 509 1474 turrim
526 1442 665 1486 Baybe⁵
682 1442 896 1480 obsiderunt3
914 1449 964 1474 set
979 1441 1243 1484 superveniente
1258 1441 1481 1473 inundatione
1498 1442 1603 1473 nimia
1619 1441 1819 1484 pluviarum,
1838 1443 1986 1476 obsidio-

133 1503 211 1526 nem
227 1495 397 1527 dimittere
421 1501 498 1528 sunt
515 1496 694 1537 compulsi,
710 1495 827 1539 ibique
850 1496 1017 1528 iacturam
1040 1496 1075 1526 in
1099 1494 1201 1527 rebus
1226 1500 1260 1527 et
1284 1495 1437 1536 personis
1454 1505 1523 1527 non
1540 1495 1711 1527 modicam
1726 1502 1804 1528 sunt
1820 1498 1987 1540 perpessi.

222 1548 356 1580 Eodem
379 1555 541 1590 tempore.
569 1548 655 1580 Cum
678 1549 830 1581 marchio
846 1547 1152 1581 Aldrovandinus⁶
1177 1548 1221 1579 de
1246 1547 1430 1580 comitibus
1446 1548 1587 1593 Celane,
1605 1549 1663 1591 qui
1686 1555 1818 1591 partem
1842 1550 1988 1582 Octonis

136 1600 303 1633 fovebant
325 1602 361 1632 in
384 1602 543 1634 Marchia
566 1602 783 1642 anconitana,
807 1602 967 1634 nobiliter
990 1601 1250 1643 triumphasset3
1275 1601 1310 1632 in
1326 1600 1401 1642 ipso
1425 1601 1564 1633 fervore
1589 1601 1772 1634 iuventutis
1794 1608 1913 1636 nature
1939 1603 1986 1635 Ie-

134 1653 233 1696 gibus
256 1654 432 1686 satisfecit.
480 1655 547 1687 Iste
570 1655 636 1687 fuit
658 1655 704 1688 ita
727 1655 973 1698 magnanimus,
997 1655 1090 1697 quod
1114 1654 1295 1686 substinuit
1318 1664 1418 1685 omne
1442 1654 1632 1696 periculum
1649 1665 1713 1697 pro
1732 1656 1843 1698 gloria
1867 1662 1901 1688 et
1924 1667 1987 1699 po-

135 1706 239 1738 tentia
263 1707 459 1739 obtinenda.
505 1708 607 1739 Tunc
631 1709 795 1740 remansit
812 1708 846 1739 in
862 1707 1055 1740 honorabili
1071 1708 1173 1739 domo
1191 1707 1315 1739 estensi
1338 1706 1435 1739 Aczo
1452 1707 1561 1739 frater
1578 1708 1660 1746 eius,
1685 1709 1857 1750 parvulus,
1874 1710 1987 1742 multis

136 1759 261 1792 debitis
286 1766 319 1792 et
343 1761 507 1803 augustiis
532 1767 701 1793 oneratus.

224 1812 371 1844 'Eodem
395 1819 558 1856 tempore,
584 1815 628 1846 de
652 1824 768 1846 mense
793 1815 998 1848 novembris.
1022 1815 1165 1846 Factum
1190 1820 1241 1846 est
1264 1814 1378 1846 Rome
1403 1814 1579 1846 consilium
1597 1815 1778 1857 generale⁷
1803 1816 1864 1848 sub
1896 1828 1987 1859 papa

137 1866 342 1898 Innocentio
366 1867 476 1905 tertio,
500 1867 574 1899 viro
598 1868 780 1911 magnifico
797 1875 831 1900 et
846 1868 1016 1910 prudenti,
1033 1868 1130 1900 cuius
1146 1867 1406 1910 magnanimitas
1430 1874 1464 1899 et
1481 1869 1673 1901 constantia
1696 1879 1799 1911 super
1824 1869 1908 1902 alios
1926 1871 1987 1902 ho-

137 1919 245 1951 mines
269 1919 472 1952 excellebat.

224 1972 357 2005 Eodem
380 1973 571 2005 millesimo.
617 1974 744 2006 Divina
767 1974 983 2017 providentia
1006 1974 1167 2016 produxit
1190 1975 1234 2006 ad
1259 1980 1368 2006 ortum
1393 1975 1438 2006 de
1463 1975 1638 2007 thexauris
1668 1985 1728 2007 sue
1752 1976 1985 2010 misericordie

139 2025 206 2057 duo
230 2036 356 2069 magna
380 2025 567 2064 luminaria,
592 2027 755 2059 videlicet
778 2028 933 2060 ordinem
957 2028 1101 2059 fratrum
1125 2027 1385 2059 Predicatorurn
1410 2034 1443 2059 et
1466 2028 1610 2060 fratrum
1635 2029 1818 2068 Minorum,
1843 2040 1930 2072 quos
1954 2030 1987 2062 in

226 2154 283 2185 6-7.
303 2156 381 2180 ANN.
410 2157 523 2181 coactus
542 2157 655 2187 iuravit,
675 2158 748 2182 sicut
767 2159 838 2182 civiS
857 2159 970 2183 comuni
983 2158 1076 2182 Padue
1096 2158 1126 2182 in
1146 2158 1276 2182 omnibus
1296 2157 1419 2187 obedire;
1439 2160 1467 2182 et
1486 2159 1525 2182 sic
1545 2159 1682 2183 exereitus
1701 2160 1735 2184 ad
1749 2161 1865 2193 propria
1884 2168 1988 2186 remea-

140 2198 183 2221 vit
210 2211 243 2215 —
262 2205 287 2230 9.
308 2197 437 2222 Paduani
455 2198 626 2229 comuniter]
647 2199 779 2224 Paduana
801 2199 999 2224 Communitas
1019 2200 1096 2224 Mun.
1113 2213 1145 2217 —
1174 2206 1215 2224 10.
1227 2198 1354 2231 comitis]
1377 2201 1590 2225 communitatis
1609 2202 1686 2226 MUR.
1707 2214 1717 2219 -
1736 2202 1849 2226 Verona
1867 2203 1893 2226 B
1912 2204 1988 2228 Mun.

141 2251 173 2256 —
195 2245 235 2264 12.
255 2240 333 2263 omni.
352 2239 427 2270 dagli
444 2240 523 2264 ANN.
544 2240 609 2264 novi
629 2241 670 2267 A:
689 2242 774 2265 novis
793 2242 871 2266 Mun.
891 2254 902 2260 ο
922 2241 1046 2273 negotiis
1065 2241 1141 2265 Mun.
1164 2255 1196 2258 —-
1225 2247 1315 2272 13-14.
1346 2242 1462 2274 expulsa
1487 2243 1628 2274 potestate
1647 2243 1871 2275 communitatis]
1891 2245 1988 2277 expul-

140 2288 178 2311 sa,
198 2282 368 2313 potestatem
389 2281 515 2306 Comitis
534 2282 611 2306 MUR.
639 2283 687 2305 Gli
704 2283 781 2309 ANN.
805 2284 927 2315 leggono:
942 2284 1084 2307 communi
1106 2297 1137 2300 —
1161 2288 1201 2314 15.
1222 2282 1361 2314 pollitica]
1383 2283 1509 2316 pollicita
1527 2284 1567 2311 A:
1586 2284 1706 2315 politica
1725 2285 1803 2310 Mun.
1822 2286 1891 2317 cogli
1908 2287 1985 2311 ΑΝΝ.

139 2322 250 2345 Sanctae
262 2321 386 2353 fitstinae
407 2337 437 2340 -—
460 2322 500 2347 18.
520 2324 568 2347 sed
594 2324 607 2346 ἐ
625 2327 690 2348 stato
709 2326 822 2348 rz'cavato
842 2325 875 2348 da
895 2332 969 2348 mano
988 2325 1083 2348 scriem·
1103 2326 1131 2347 in
1151 2326 1174 2348 Α
1194 2328 1269 2355 sopra
1288 2325 1337 2353 set,
1356 2325 1400 2347 che
1426 2326 1600 2349 marztenz'amo
1626 2325 1669 2349 nel
1687 2329 1748 2350 testo
1768 2340 1800 2344 -—-
1821 2333 1862 2351 20.
1883 2327 1986 2359 Celane

138 2365 226 2387 scritto
250 2365 463 2395 prasterz'ormente
489 2363 558 2388 dallo
580 2368 656 2389 stesso
680 2368 776 2398 copista
801 2367 829 2390 in
849 2367 872 2390 A
892 2370 968 2398 sopra
995 2375 1045 2390 uno
1064 2366 1148 2397 spacio
1168 2367 1273 2390 lasct'ato
1293 2368 1321 2389 in
1347 2367 1436 2390 hiant-0
1456 2380 1489 2384 —
1509 2374 1551 2392 21.
1576 2368 1694 2392 fovebat
1711 2369 1735 2391 A
1755 2381 1766 2387 -
1784 2368 1899 2393 fervore
1917 2371 1948 2393 di
1964 2371 1988 2394 A

140 2407 153 2428 ἑ
167 2409 229 2437 poco
248 2406 352 2434 cln'ar0;
371 2407 433 2430 anzi
450 2419 461 2424 -
480 2414 512 2431 ru
526 2420 537 2424 -
550 2415 608 2431 sono
626 2409 691 2431 stati
707 2409 831 2432 rz'toccatzz
876 2408 947 2432 Onde
966 2409 1010 2431 elce
1024 2409 1048 2431 B
1061 2408 1112 2432 ha.-
1133 2408 1238 2432 femore
1265 2422 1296 2425 —
1319 2408 1360 2433 26.
1381 2410 1597 2441 magnaminitas
1616 2410 1639 2433 A
1665 2424 1696 2427 —
1718 2417 1760 2442 29.
1780 2412 1842 2441 dopo
1861 2418 1931 2444 quos
1946 2414 1991 2444 gli

140 2448 218 2472 ANN.
237 2449 403 2480 aggiungono
423 2450 497 2473 Deus

224 2530 232 2546 1
256 2532 319 2556 Alla
337 2532 411 2557 lotta
430 2532 616 2558 dell’Estense
635 2535 735 2558 contro
756 2534 871 2559 Padova
890 2535 992 2559 aneata
1006 2535 1035 2559 di

137 2573 264 2598 Ezzelino
284 2574 308 2597 si
328 2573 453 2598 riterisce
473 2574 492 2599 il
511 2575 595 2599 breve
621 2575 815 2600 d'lnnocenzo
834 2577 873 2600 111
893 2576 937 2600 del
959 2583 972 2600 2
993 2579 1035 2600 ot-

136 2616 216 2640 tobre
238 2622 302 2648 1213
323 2615 354 2640 in
372 2615 472 2642 favore
498 2618 541 2642 del
568 2618 721 2643 Marchese.
758 2618 918 2643 Innocenzo
944 2619 1035 2643 invita

138 2657 157 2681 il
176 2657 317 2690 patriarca
335 2657 365 2681 di
386 2658 481 2683 Grado
500 2659 535 2684 ad
554 2660 687 2684 intimare
708 2661 734 2684 ai
747 2660 895 2684 Padovani
914 2660 943 2684 di
963 2661 1035 2684 desi-

136 2701 207 2722 stere
226 2697 405 2723 dall’ostilita
419 2701 518 2725 contro
532 2701 682 2731 l‘Estense,
703 2701 850 2726 valendosi
863 2702 951 2726 anche
965 2701 1035 2726 della

137 2747 255 2765 censura
274 2740 470 2772 ecclesiastica,
489 2743 550 2766 Ant.
571 2742 639 2770 Est„
659 2743 679 2773 1,
700 2750 759 2774 412.

226 2780 237 2796 ²
257 2783 369 2806 Marino
389 2784 466 2807 Zeno
485 2783 518 2808 fu
537 2786 702 2816 promotore
721 2784 805 2809 d'uno
826 2786 934 2810 statuto
958 2785 1034 2811 fatto

135 2823 323 2849 coll’accordo
349 2824 418 2849 defle
442 2824 512 2850 citta
530 2826 560 2850 di
584 2826 708 2856 Padova,
734 2827 846 2851 Verona
866 2835 880 2851 e
903 2828 1033 2857 Vicenza,

138 2874 186 2899 per
200 2868 361 2891 mantenere
374 2868 402 2892 la
416 2875 483 2900 pace
498 2869 570 2892 nella
585 2870 693 2899 Μωσῆς
708 2869 816 2894 doveva
830 2871 929 2901 questo
943 2872 1033 2894 statu-

138 2909 167 2932 to
188 2908 286 2933 durare
306 2916 355 2941 per
368 2910 441 2933 dleci
454 2911 521 2934 anni
535 2918 549 2934 e
563 2912 666 2943 poteva
680 2912 842 2936 rinnovarsi
855 2912 1033 2936 eoll'assenso

138 2950 183 2973 dei
203 2950 314 2974 Rettori
340 2951 409 2975 delle
435 2950 514 2977 cittz'x.
542 2952 586 2977 Cf.
614 2953 716 2983 VERCI,
747 2953 806 2978 Cod.
827 2954 897 2981 ecel„
918 2954 976 2979 doc.
1002 2955 1031 2979 82

136 2999 182 3016 ειη.
206 2998 270 3023 1213
293 2994 321 3016 in
343 2992 479 3018 dicembre
499 2994 576 3027 dopo
597 2995 615 3018 il
634 2994 659 3025 6,
680 3003 726 3028 pp.
750 2997 854 3026 155-58.

1178 2535 1189 2551 ³
1208 2534 1443 2559 Evidentemente
1462 2536 1485 2558 A
1504 2534 1518 2559 'e
1537 2539 1630 2561 errato
1650 2543 1663 2560 e
1682 2537 1719 2562 ha
1737 2539 1850 2563 causato
1875 2538 1987 2564 l’errore

1090 2577 1119 2600 in
1138 2577 1171 2601 B.
1208 2576 1257 2601 Gli
1276 2576 1392 2600 Annales
1410 2575 1505 2601 darino
1524 2577 1550 2601 la
1562 2579 1657 2609 giusta
1670 2579 1787 2610 lezione,
1800 2580 1850 2604 che
1863 2580 1987 2606 adottia-

1091 2626 1134 2642 mo
1155 2619 1200 2643 nel
1218 2620 1317 2649 testem

1177 2658 1187 2674 ⁴¹
1206 2661 1345 2685 Pecoraro
1371 2660 1414 2685 de’
1433 2662 1567 2686 Pecorari.
1590 2661 1621 2686 fu
1644 2664 1792 2688 nominato
1820 2664 1938 2697 podest&
1957 2666 1987 2689 di

1090 2702 1203 2726 Verona
1222 2702 1266 2726 nel
1288 2706 1364 2733 1215.
1403 2702 1436 2727 G.
1456 2704 1556 2727 DALLA
1582 2703 1693 2735 Coara,
1719 2706 1893 2729 Delfis-tori.-
1919 2707 1987 2731 della

1089 2744 1152 2767 citt&
1172 2744 1202 2766 di
1225 2743 1335 2771 Verona,
1354 2744 1376 2774 I,
1396 2752 1422 2776 p.
1445 2743 1504 2775 261,
1525 2745 1656 2776 Venezia,
1679 2752 1752 2778 1744.

1179 2784 1189 2799 5
1210 2785 1302 2810 Bebba
1321 2793 1337 2810 a
1355 2786 1404 2810 sud
1423 2787 1453 2810 di
1473 2786 1622 2819 Chioggia.

1178 2825 1188 2841 ‘³
1208 2827 1334 2851 Secondo
1348 2828 1512 2853 Rolandino
1529 2829 1686 2860 (Chrom'con
1706 2830 1865 2855 Palavitzztm
1881 2833 1912 2856 in
1925 2833 1984 2856 RR.

1089 2869 1126 2894 ll.
1140 2869 1200 2897 SS„
1214 2877 1307 2894 nuova
1321 2870 1390 2893 cdiz.
1405 2871 1705 2903 CARDUCCI-F10R1N1,
1719 2874 1798 2897 tomo
1813 2874 1887 2905 VIII,
1902 2882 1928 2907 p.
1944 2875 1988 2906 26)

1090 2911 1109 2934 il
1137 2911 1277 2935 marchese
1303 2911 1517 2936 Aldovrandino
1540 2914 1763 2946 guerreggiando
1791 2915 1865 2939 nella
1893 2917 1986 2941 Marca

1089 2954 1240 2979 d'Ancona
1254 2953 1325 2978 mori
1339 2956 1507 2981 avvelenato
1518 2964 1567 2989 per
1579 2964 1664 2989 opera
1677 2959 1721 2982 dei
1732 2961 1812 2983 conti
1824 2959 1853 2983 di
1866 2960 1983 2984 Celano.

1178 2996 1187 3011 7
1209 2996 1338 3022 Concilio
1359 2998 1549 3023 Lateranense
1570 3000 1617 3025 IV.
1757 2997 1770 3023 Ι

2064 870 2138 892 Mun„
2155 870 2193 889 303

2016 2710 2047 2735 25

2036 2844 2053 2859 V

2015 2923 2048 2947 30
