2307 3592
125 221 177 256 [A.
200 223 292 256 1314]
755 219 1065 255 CHRONICON
1094 219 1324 255 ESTENSE
1909 222 1953 257 83

124 339 237 370 animo
261 343 295 369 et
318 338 507 369 intentione
531 338 728 380 accipiendi
752 339 787 369 in
813 350 848 370 se
874 339 1066 375 civitatem;
1093 345 1125 370 et
1151 339 1194 371 de
1227 339 1292 371 hoc
1316 339 1508 371 habuerant
1532 340 1632 371 fidem
1658 346 1691 371 et
1716 340 1954 372 certitudinem

122 397 264 432 propter
285 391 530 422 tradimentum
554 390 755 422 Lanzalocti
780 391 823 423 de
847 392 880 423 la
904 392 1059 423 Fontana
1082 397 1115 422 et
1146 391 1289 422 aliorum
1321 392 1363 423 de
1397 392 1499 424 domo
1523 403 1583 424 sua
1610 397 1645 424 et
1667 392 1847 424 multorum
1872 393 1955 425 alio-

125 455 198 475 rum
221 443 484 480 Ferafieusium,
510 443 567 485 qui
591 443 635 474 ad
652 444 718 475 hoc
736 443 1022 477 consen'tiebant:
1048 450 1098 475 set
1114 444 1226 486 gratia
1242 444 1319 483 Dei,
1336 454 1405 476 non
1422 444 1540 476 habuit
1558 445 1742 483 effectum,
1768 445 1847 487 quia
1863 446 1956 477 Deus

123 506 191 528 non
214 495 374 537 permixit
398 495 470 527 fieri
494 496 630 534 malum,
656 497 749 538 quod
774 497 967 528 ordinatum
992 502 1075 534 erat,
1100 497 1179 538 quia
1211 497 1378 528 dederant
1409 497 1563 529 ordinem
1587 498 1747 530 occidere
1772 508 1887 529 omnes
1912 499 1954 529 de

122 554 219 590 parte
243 548 397 579 Ecclesie
426 558 466 579 ac
498 549 715 580 dominorum
738 549 990 581 Marchionum.
1038 549 1098 581 Set
1133 549 1190 580 ille
1215 550 1290 590 pius
1322 550 1502 580 altissimus
1526 550 1617 581 Deus
1644 550 1807 591 permixit
1831 550 1957 582 elevari

122 606 361 642 tempestatem
384 601 417 631 in
442 600 538 632 Pado
562 607 656 632 tante
680 602 828 639 fortune,
854 602 946 643 quod
969 602 1099 633 inimici
1131 612 1209 633 cum
1234 602 1360 633 navilio
1391 602 1560 634 accedere
1589 603 1779 634 Ferrariam
1804 613 1872 634 non
1896 614 1957 645 po-

121 659 226 685 tuere.
251 653 353 684 Tunc
377 658 472 685 certa
495 664 574 694 pars
598 654 865 685 Ferrariensium
889 665 965 685 cum
989 654 1056 686 illis
1080 653 1123 686 de
1155 655 1319 686 Bondeno
1344 661 1475 686 armata
1497 666 1597 686 manu
1634 662 1752 687 contra
1784 665 1842 687 eos
1865 666 1958 687 sure-

120 712 242 738 xerunt
264 717 327 747 per
349 711 459 738 teram
484 712 518 737 et
541 717 687 748 aquam3
713 717 815 749 quare
840 707 881 738 de
906 707 1073 748 predictis
1096 707 1242 739 inimicis
1260 714 1495 739 remanserunt
1512 713 1545 739 et
1562 709 1604 739 de
1621 708 1688 740 suis
1703 708 1805 740 rebus
1829 708 1864 739 in
1887 719 1958 739 ma-

120 769 189 802 gna
212 758 411 801 quantitate,
444 764 478 790 et
502 758 655 790 similiter
679 770 798 796 naves3
823 760 914 791 unde
939 759 1166 802 Lancaloctus
1190 760 1232 791 de
1258 760 1290 791 la
1314 760 1469 792 Fontana
1497 770 1575 791 cum
1604 760 1759 792 omnibus
1790 760 1833 791 de
1858 761 1958 792 domo

63 813 100 843 10
123 823 182 844 sua
206 812 368 854 fugerunt
392 811 435 843 de
460 812 610 849 civitate,
634 818 668 843 et
692 813 847 843 dominus
871 812 977 843 Pinus
1002 813 1044 844 de
1062 812 1093 843 la
1117 813 1226 851 Toxa,
1251 813 1309 855 qui
1332 818 1415 844 tunc
1441 819 1514 845 erat
1538 813 1685 844 vicarius
1702 812 1793 845 dicte
1812 814 1957 845 civitatis

59 1073 95 1106 15

55 1340 95 1370 20

54 1602 93 1634 25

54 1869 95 1900 30

53 2130 93 2162 35

60 2896 90 2913 10

121 874 184 906 pro
207 874 290 906 rege
313 863 482 901 Roberto,
507 864 591 895 fecit
624 865 701 905 capi
734 870 768 896 et
803 864 947 896 detineri
978 871 1090 897 certos
1124 865 1217 897 cives
1248 865 1433 897 traditores
1464 867 1508 897 de
1532 866 1647 908 Burgo
1671 865 1839 904 inferiori,
1864 875 1958 904 vnn,

121 927 207 959 quos
230 916 390 958 suspendi
414 916 501 948 fecit
524 916 568 947 ad
592 916 708 948 furcas
730 917 819 948 ultra
842 917 996 954 Padum3
1029 923 1062 949 et
1093 917 1216 949 multos
1247 917 1333 949 alios
1357 918 1589 960 condepnavit
1613 919 1646 948 in
1677 918 1866 959 pecuniam.
1914 917 1957 949 Et

119 969 213 1011 prior
235 969 345 1000 sancti
368 968 504 1012 Lacari‚
529 969 564 1000 in
588 969 684 1000 cuius
701 969 803 1001 domo
821 969 887 1001 fuit
902 975 1085 1001 tractatum
1102 970 1306 1011 predictum,
1332 976 1366 1001 et
1388 969 1587 1002 Albertinus
1612 971 1656 1002 de
1671 968 1881 1013 Maynardis,
1900 970 1957 1012 qui

121 1021 329 1064 gubernator
353 1026 426 1052 erat
448 1019 656 1059 tradimenti,
682 1021 785 1053 etiam
809 1022 963 1063 suspensi
988 1022 1128 1053 fuerunt
1152 1023 1196 1054 ad
1220 1022 1337 1054 furcas
1360 1028 1397 1054 ut
1420 1033 1532 1064 supra.

208 1074 340 1106 Eodem
364 1073 542 1105 millesimo
556 1075 599 1106 de
617 1085 732 1106 mense
749 1074 833 1118 julii.
873 1074 930 1106 Ad
947 1075 1138 1106 instantiam
1155 1075 1237 1106 dicti
1255 1075 1383 1107 domini
1400 1075 1476 1106 Pini
1492 1076 1535 1107 de
1551 1076 1583 1107 la
1600 1076 1693 1107 Tosa
1710 1076 1827 1107 vicarii
1843 1082 1908 1108 etc.
1926 1075 1959 1106 in

120 1127 253 1159 civitate
277 1126 394 1164 Feltri‚
419 1126 476 1158 ubi
501 1127 672 1170 fugerant,
696 1127 906 1169 infrascripti
930 1127 1057 1159 inimici
1082 1133 1116 1159 et
1140 1127 1271 1169 bapniti
1295 1128 1450 1160 Ecclesie
1482 1134 1514 1160 et
1546 1129 1760 1160 dominorum
1783 1128 1958 1160 Marchio—

119 1191 198 1212 num
223 1180 316 1221 capti
339 1180 478 1211 fuerunt
501 1191 521 1211 a
544 1180 645 1211 certis
668 1180 926 1212 Ferariensibus
940 1182 961 1220 ¹,
979 1191 1064 1222 quos
1087 1181 1198 1212 dictus
1214 1181 1368 1212 dominus
1386 1181 1491 1213 Pinus
1508 1182 1643 1214 miserat
1660 1181 1718 1219 ibi,
1736 1187 1772 1213 ut
1795 1187 1957 1223 caperent

119 1243 188 1270 eos,
212 1238 246 1264 et
268 1238 388 1274 postea
412 1243 489 1264 cum
514 1232 640 1264 auxilio
665 1232 907 1264 Paduanorum
934 1233 1095 1265 conducti
1120 1234 1258 1265 fuerunt
1282 1234 1472 1265 Ferrariam
1497 1234 1531 1264 in
1547 1233 1703 1265 manibus
1720 1234 1803 1266 died
1828 1234 1957 1265 domini

118 1286 195 1319 Pini
217 1285 338 1317 vicarii
362 1291 428 1317 etc.
469 1286 618 1317 Nomina
641 1297 784 1328 quorum
808 1292 886 1318 sunt
909 1286 988 1317 hec:
1014 1287 1255 1328 Lancaloctus‚
1281 1286 1459 1318 Clarucius
1483 1293 1517 1318 et
1540 1286 1748 1319 Antoniolus
1772 1297 1888 1319 omnes
1912 1287 1955 1318 de

118 1338 273 1370 Fontana
299 1348 375 1369 cum
399 1338 514 1370 multis
542 1338 616 1370 aliis
648 1338 908 1370 Ferariensibus
932 1338 1080 1380 bapnitis
1105 1345 1139 1370 et
1169 1338 1355 1371 rebellibus
1383 1339 1537 1371 Ecclesie
1561 1340 1717 1371 Romane
1743 1346 1777 1371 et
1807 1339 1956 1371 maxime

118 1391 331 1423 dominorum
355 1391 594 1423 Marchionum
620 1391 815 1430 estensium,
840 1392 897 1433 qui
922 1402 1039 1423 omnes
1057 1392 1244 1433 decapitati
1261 1392 1402 1424 fuerunt
1418 1402 1519 1433 super
1536 1393 1684 1434 plateam
1702 1392 1858 1424 comunis
1875 1393 1903 1424 F
1905 1403 1957 1424 er-

119 1444 224 1481 rarie3
250 1443 333 1475 alios
356 1453 521 1486 sequaces
545 1445 710 1486 suspendi
734 1444 821 1476 fecit
844 1445 888 1475 ad
913 1444 1028 1476 furcas
1052 1444 1140 1476 ultra
1158 1444 1287 1476 Padum
1312 1445 1355 1476 de
1378 1455 1495 1476 mense
1519 1446 1654 1487 augusti
1680 1451 1743 1476 etc.

206 1497 338 1528 Eodem
361 1497 540 1528 millesimo
566 1497 609 1528 de
635 1507 749 1529 mense
775 1497 918 1539 augusti.
958 1497 1123 1529 Dominus
1139 1497 1342 1540 Uguiconus
1359 1498 1402 1529 de
1420 1497 1452 1529 la
1468 1497 1596 1540 Facola
1613 1508 1689 1530 cum
1706 1497 1845 1529 Pixanis
1862 1498 1958 1540 equi-

118 1555 278 1582 taverunt
300 1550 346 1581 ad
370 1549 545 1581 civitatem
569 1549 699 1588 Luche,
724 1556 758 1581 et
780 1560 842 1591 per
865 1550 933 1581 vim
957 1555 1169 1591 acceperunt
1186 1551 1360 1582 civitatem
1386 1560 1462 1582 cum
1480 1551 1607 1582 auxilio
1631 1550 1854 1592 quorumdam
1877 1561 1957 1592 pro-

119 1603 268 1635 ditorum
293 1603 506 1634 existentium
530 1603 564 1633 in
589 1603 682 1634 dicta
707 1603 860 1639 civitate:
887 1613 952 1645 qua
977 1603 1105 1642 habita,
1130 1603 1333 1635 occiderunt
1364 1604 1486 1635 multos
1519 1604 1621 1642 cives,
1645 1609 1679 1635 et
1703 1603 1959 1635 derobaverunt

118 1666 235 1688 omnes
258 1655 353 1694 alios,
379 1661 412 1687 et
437 1656 682 1688 destruxerunt
706 1656 890 1694 civitatem,
915 1662 950 1687 et
972 1656 1037 1687 fuit
1061 1656 1210 1698 dapnum
1234 1657 1466 1689 inextimabile
1482 1656 1502 1688 ².

203 1709 337 1741 Eodem
360 1709 540 1740 millesimo
565 1709 608 1740 de
632 1719 748 1740 mense
773 1709 985 1751 septembris.
1033 1709 1199 1741 Volentes
1222 1709 1387 1741 rehabere
1411 1710 1458 1748 id,
1482 1711 1574 1752 quod
1598 1710 1806 1742 admiserant
1830 1710 1957 1742 domini

118 1762 247 1800 Padue,
272 1761 403 1794 scilicet
428 1761 603 1793 civitatem
627 1762 801 1800 Vicentie,
825 1768 897 1794 tota
929 1762 1076 1804 quadam
1108 1768 1209 1794 nocte
1235 1763 1473 1804 equitaverunt
1503 1762 1552 1794 ibi
1582 1763 1617 1794 in
1641 1763 1777 1794 nomine
1806 1762 1957 1806 dyaboli,

117 1816 165 1847 ita
188 1815 281 1857 quod
304 1820 383 1846 ante
407 1814 517 1846 lucem
542 1814 609 1846 diei
633 1821 866 1856 pervenerunt
889 1812 938 1846 ad>
958 1815 1101 1858 burgum
1119 1816 1213 1847 dicte
1239 1815 1397 1853 civitatis,
1423 1816 1558 1847 nomine
1582 1816 1686 1858 Burgi
1711 1815 1821 1847 sancti
1845 1815 1955 1852 Petri3

117 1873 151 1900 et
173 1877 236 1910 per
259 1868 396 1899 foveam
421 1867 505 1898 dicti
523 1867 621 1910 burgi
638 1868 800 1899 miserunt
815 1868 1057 1909 stipendiarios
1074 1878 1150 1900 suos
1166 1868 1256 1900 ultra
1268 1869 1418 1906 foveam,
1436 1868 1568 1900 scilicet
1584 1867 1808 1900 Antoniolum
1826 1869 1869 1900 de
1887 1868 1955 1900 Lo-

118 1930 175 1952 sco
192 1920 302 1952 civem
327 1919 492 1958 Ferrarie‚
510 1920 566 1962 qui
582 1920 741 1952 transivit
757 1920 885 1952 dictam
901 1920 1038 1952 foveam
1056 1927 1090 1952 et
1107 1920 1262 1952 ascendit
1285 1920 1522 1958 buttifredum‚
1539 1927 1658 1962 postea
1674 1921 1809 1962 aperuit
1824 1926 1958 1962 portam

117 1979 152 2004 et
172 1978 313 2014 pontem
338 1973 540 2004 levatorium
566 1972 669 2005 dictis
692 1973 873 2004 Paduanis.
920 1973 1021 2004 Tunc
1053 1974 1266 2005 intraverunt
1296 1972 1452 2015 burgum,
1477 1979 1527 2005 set
1554 1973 1646 2014 prius
1671 1973 1873 2006 occiderant
1896 1983 1956 2004 cu-

117 2026 232 2058 stodes
249 2025 349 2057 dicti'
366 2025 574 2063 buctifredi;
592 2032 712 2067 postea
727 2027 927 2067 inceperunt
944 2027 1091 2058 clamare
1110 2032 1144 2058 et
1161 2027 1277 2058 dicere
1291 2038 1298 2057 :
1317 2027 1452 2067 Pacem,
1469 2029 1598 2069 pacem.
1635 2027 1680 2058 Et
1695 2026 1844 2058 maiores
1861 2037 1956 2058 exer-

117 2079 205 2111 citus
227 2085 456 2121 preceperant
481 2079 637 2111 omnibus
661 2079 704 2110 de
731 2079 823 2111 dicto
848 2080 1011 2117 exercitu,
1037 2080 1131 2121 quod
1154 2079 1216 2111 sub
1239 2090 1329 2121 pena
1353 2079 1476 2121 capitis
1500 2090 1600 2111 nemo
1617 2079 1749 2121 aliquid
1773 2079 1957 2111 derobaret

117 2132 153 2162 in
176 2130 285 2175 burgo
309 2132 479 2173 predicto.
504 2131 547 2163 Et
570 2131 630 2170 illi,
655 2132 714 2174 qui
738 2131 933 2163 clamabant
956 2142 1087 2173 pacem,
1115 2131 1338 2163 dimictebant
1362 2131 1530 2163 derobare
1556 2142 1673 2163 omnes
1698 2138 1731 2163 et
1754 2132 1855 2173 primi
1879 2142 1958 2173 pre-

119 2185 255 2217 datores
277 2185 417 2216 fuerunt
438 2185 557 2216 famuli
583 2185 712 2216 domini
737 2185 883 2216 Puncini
908 2185 951 2216 de
976 2185 1155 2222 Cremona,
1182 2185 1238 2227 qui
1255 2191 1337 2216 tunc
1355 2191 1428 2216 erat
1451 2191 1603 2226 potestas
1626 2185 1755 2224 Padue,
1780 2190 1814 2216 et
1837 2185 1956 2216 famuli

118 2237 245 2269 domini
268 2237 400 2269 Vannis
425 2237 654 2280 Scornecano,
679 2238 738 2279 qui
763 2243 835 2269 erat
860 2237 1062 2279 capitaneus
1085 2248 1228 2280 guerre;
1255 2243 1288 2269 et
1312 2238 1369 2269 alii
1393 2238 1607 2279 stipendiarii
1632 2238 1732 2269 etiam
1758 2238 1871 2269 omnia
1896 2239 1957 2270 de-

118 2290 310 2332 sponebant
332 2290 377 2323 ad
400 2291 553 2332 predam,
578 2291 624 2322 ita
648 2291 741 2333 quod
773 2292 940 2323 exercitus
968 2291 1039 2322 sine
1065 2290 1262 2323 custodibus
1287 2297 1359 2322 erat
1384 2291 1417 2322 in
1442 2291 1566 2334 Burgo.
1613 2291 1752 2322 Interim
1777 2292 1954 2332 caporales

117 2344 264 2385 predicti
287 2343 416 2375 domini
442 2342 545 2375 Canis
569 2344 612 2375 de
636 2343 668 2375 la
693 2344 805 2381 Scala,
830 2344 887 2386 qui
904 2349 986 2375 tunc
1004 2344 1244 2376 dominabatur
1262 2344 1354 2376 dicte
1380 2344 1520 2381 civitati,
1545 2343 1703 2376 videntes
1726 2342 1840 2375 debile
1864 2344 1952 2386 regi-

206 2477 230 2494 2.
243 2470 287 2493 nel
304 2472 423 2502 margine
442 2471 472 2493 di
489 2471 574 2494 destra
594 2472 710 2493 dimano
728 2471 823 2493 seriore
843 2472 871 2493 in
889 2471 931 2493 A:
952 2470 984 2494 de
1004 2471 1031 2495 la
1050 2472 1179 2495 Fontana
1199 2485 1230 2488 —
1250 2470 1305 2502 6-7.
1319 2478 1375 2495 non
1395 2473 1510 2504 potuere
1528 2471 1649 2503 tagliamo
1669 2472 1702 2494 da
1722 2470 1798 2494 MUR.
1817 2478 1864 2493 om.
1886 2469 1909 2493 A
1924 2483 1955 2487 —

119 2511 144 2537 8.
163 2512 225 2543 dopo
244 2512 366 2536 inimicis
386 2512 464 2537 Mun.
483 2519 542 2544 agg.
564 2512 646 2536 multi
666 2525 675 2529 -
696 2512 729 2536 de
748 2511 817 2543 suis]
838 2513 897 2536 suis
909 2512 932 2535 A
947 2526 979 2530 —
994 2519 1036 2537 20.
1056 2513 1163 2537 rebellis
1182 2513 1206 2536 A
1227 2526 1236 2530 -
1252 2514 1342 2544 prima
1361 2514 1391 2536 di
1408 2513 1478 2537 alios
1491 2513 1566 2538 Mun.
1587 2521 1645 2545 agg.
1667 2514 1695 2536 et
1709 2526 1740 2530 —
1755 2518 1798 2544 33.
1818 2513 1845 2536 et
1867 2512 1956 2536 dicere

119 2562 167 2578 om.
185 2554 211 2577 B
225 2554 301 2579 Mun.
321 2568 353 2572 —-
375 2555 416 2585 38.
435 2554 609 2585 custodibus]
629 2554 735 2578 custod.
758 2554 781 2577 A

204 2638 212 2654 ¹
231 2640 302 2664 Pino
323 2640 393 2663 della
412 2640 485 2664 Tosa
504 2638 583 2672 spedl
603 2640 773 2671 Pignattone
792 2640 824 2663 de
838 2640 1004 2671 Pignattoni
1200 2642 1330 2673 Pz'angerd
1349 2642 1435 2665 Feltro
1455 2650 1549 2665 ancora
1569 2642 1593 2665 la
1613 2640 1717 2673 dzgffalta

115 2689 169 2705 con
188 2681 255 2705 altri
273 2681 337 2705 suoi
355 2680 507 2705 confidenti
526 2682 551 2705 al
570 2688 686 2705 comune
713 2682 741 2705 di
768 2682 889 2705 Treviso
908 2689 924 2706 a
943 2689 1005 2712 pre·
1199 2684 1358 2714 Dell'cmpio
1377 2692 1421 2707 suo
1437 2686 1537 2714 pastor,
1557 2684 1601 2707 (hc
1619 2684 1679 2707 sarri
1699 2685 1798 2707 scancia

115 2723 193 2755 garlo
207 2730 223 2747 a
236 2730 320 2747 nome
333 2723 375 2747 del
389 2731 506 2747 comune
527 2723 554 2747 dl
574 2724 688 2747 Ferrara
702 2723 736 2747 ad
750 2724 902 2755 interporsi
917 2731 933 2747 a
954 2723 1006 2748 fine
1201 2726 1242 2753 Si,
1262 2727 1305 2749 clze
1321 2730 1371 2757 per
1388 2727 1460 2749 simil
1480 2734 1529 2750 non
1549 2727 1644 2749 c'cntr&
1664 2728 1692 2749 in
1711 2726 1806 2750 i’lsalta.

115 2765 164 2789 che
189 2765 250 2797 quel
277 2772 396 2789 vescovo
421 2764 590 2789 Alessandro
617 2765 732 2789 Novello
752 2765 791 2796 gli
815 2765 890 2789 desse
909 2766 1005 2789 coloro
1688 2780 1756 2804 Par„
1771 2780 1812 2804 lx,
1827 2779 1898 2799 526⁴.

115 2806 182 2830 nelle
196 2807 281 2830 mani.
318 2805 330 2830 Ι
348 2805 481 2838 fuggitivi
498 2805 600 2830 furono
614 2808 779 2838 consegnati
793 2807 825 2830 ed
846 2808 875 2830 in
890 2814 1005 2831 numero

116 2848 144 2871 di
164 2853 198 2879 70
215 2848 288 2872 circa
302 2848 331 2872 in
345 2848 462 2873 Ferrara
479 2847 581 2872 furono
601 2849 707 2879 postia
727 2850 825 2879 morte,
844 2849 952 2878 FR1221‚
967 2852 1003 2879 op.
1150 2848 1158 2863 2
1179 2850 1338 2881 Uguccione
1358 2847 1439 2872 entro
1460 2850 1488 2873 in
1509 2849 1599 2873 Lucca
1618 2849 1688 2872 nella
1708 2850 1785 2872 notte
1805 2848 1851 2872 dal
1875 2854 1904 2878 13
1925 2848 1949 2871 al

116 2892 169 2918 cit.,
195 2889 243 2920 111,
272 2898 298 2923 p.
325 2889 384 2914 260.
422 2890 529 2919 Questo
555 2889 569 2915 'e
597 2891 617 2914 il
642 2891 813 2915 tradimento
839 2891 887 2914 che
914 2891 1005 2914 Dante
1064 2898 1094 2921 14
1114 2892 1218 2922 giugno
1242 2896 1316 2921 1314.
1355 2890 1399 2914 Cf.
1427 2890 1511 2914 Storz'e
1536 2890 1671 2917 Fisteresi,
1697 2890 1744 2919 XI,
1770 2889 1812 2919 60,
1839 2891 1906 2913 nota
1933 2895 1946 2912 2

116 2931 288 2962 rimprovera
315 2932 409 2963 giusta
437 2932 699 2963 l’interpretazione
724 2932 751 2955 di
782 2932 946 2956 Benvenuto
972 2932 1005 2955 da
1060 2933 1162 2964 (nuova
1182 2931 1262 2963 ediz.)
1277 2933 1310 2956 A.
1325 2933 1510 2962 MAZZAROSA,
1525 2932 1594 2957 Stor.
1608 2932 1744 2959 diluam,
1764 2932 1851 2956 Lucca
1875 2932 1949 2962 1833,

117 2972 201 2997 1m01a
219 2979 236 2996 a
254 2973 315 3003 quel
334 2980 459 2997 vescovo.
1060 2973 1081 3002 I,
1106 2979 1162 3004 130.

1979 2979 2012 2996 20

2040 444 2058 456 c.
2075 442 2100 460 72
2111 444 2124 457 v

2033 463 2100 485 Mun.
2113 465 2151 485 ³76
