2297 3476
142 1852 217 1874 Mun„
234 1851 271 1871 331

168 2068 186 2080 c.
203 2066 250 2085 ⁴57

321 184 367 218 38
953 177 1264 214 CHRONICON
1294 174 1522 211 ESTENSE

1989 177 2039 212 [Α.
2061 179 2156 212 1259]

315 312 444 344 mentia
466 311 550 342 fecit
573 309 747 350 sepissime
772 309 815 339 de
840 308 908 338 suis
935 307 1088 338 hostibus
1111 307 1335 347 triumphare,
1359 306 1503 337 audiens
1535 311 1741 347 tyranpnum
1773 303 1946 335 orribilem
1979 303 2159 340 corruisse,

315 365 433 408 gavisa
468 369 519 395 est
542 363 775 393 vehementer:
800 360 980 401 statimque
1012 359 1192 400 assumptis
1223 358 1420 395 Trivixinis‚
1452 358 1510 399 qui
1542 357 1737 399 effugerant
1764 355 1894 388 rabiem
1925 363 2159 399 tyrapnorum‚

318 417 465 449 Ecellini
487 414 623 447 scilicet
643 419 677 444 et
700 412 896 454 nequissimi
912 411 1078 448 Alberici‚
1095 411 1140 442 ad
1157 409 1390 442 invadendum
1407 410 1600 441 Trivixium
1617 409 1805 441 exercitum
1823 408 2016 440 destinavit.
2057 407 2160 439 Ecel-

316 470 402 500 linus
425 477 571 509 namque
596 472 666 498 toto
690 472 926 506 tempore-sue
957 463 1182 506 tyranpnidis‚
1214 468 1345 495 tumore
1369 462 1528 504 superbie
1560 462 1703 492 nimium
1735 467 1927 498 excecatus,
1960 461 2161 502 frequenter

317 522 471 553 Venetos
498 519 610 550 multis
640 517 771 549 iniuriis
796 517 980 553 lacessivit:
1006 522 1057 548 set
1080 516 1143 557 ipsi
1167 515 1256 547 sicut
1287 516 1351 546 viri
1385 515 1483 546 astuti
1515 520 1550 546 et
1582 514 1682 546 donis
1712 514 1879 555 sapientie
1913 523 1952 544 ac
1976 513 2160 554 prudentie

318 585 380 616 pre
403 572 536 605 cunctis
558 571 695 613 populis
718 570 833 601 Ytalie
857 569 1062 611 predoctati,
1087 569 1191 600 tacite
1215 567 1460 599 dissimulando
1484 573 1619 608 tempus
1643 576 1833 609 congruum
1858 566 2096 607 expectabant,
2128 564 2162 595 in

315 636 383 668 quo
407 630 546 667 possent
569 630 739 666 tyranpno
763 633 827 663 pro
851 622 980 653 meritis
1004 620 1234 662 respondere:
1261 626 1294 652 et
1317 620 1471 661 ipsorum
1501 620 1715 660 exspectatio
1739 629 1807 650 non
1832 623 1883 650 est
1906 628 1966 649 suo
1991 617 2161 649 desiderio

320 679 539 713 defraudata3
564 676 716 717 ipsorum
741 685 886 717 namque
911 674 1046 711 virtute,
1071 673 1227 715 potentia
1251 679 1285 704 et
1310 672 1475 704 conscilio
1500 672 1620 703 Padua
1644 677 1694 703 est
1718 671 1866 708 devicta,
1891 677 1924 702 et
1947 670 2163 711 postmodum

316 731 359 763 ab
382 731 512 772 impetu
535 728 683 760 Ecellini
717 727 861 759 viriliter
892 733 941 758 est
973 726 1127 758 detensa.
1174 725 1357 757 Albericus
1389 725 1506 767 itaque
1530 725 1573 756 de
1601 717 1774 761 Romano,
1800 724 1952 755 fraterne
1982 722 2165 764 impietatis

315 784 460 825 impiger
482 782 641 820 imitator,
664 782 765 822 inpar
796 779 935 822 quidem
967 779 1066 810 fratri
1098 778 1230 810 ratione
1262 777 1415 819 dominij,
1439 783 1492 809 set
1523 777 1637 809 eidem
1668 776 1702 808 in
1733 776 1864 807 malitia
1894 774 2079 817 coequalis,
2104 785 2163 806 au-

319 836 416 868 diens
440 834 633 867 Ecellinum
657 834 692 865 in
715 833 784 864 suis
807 832 946 864 malitiis
971 832 1264 873 comprehensum,
1290 830 1465 871 obstupuit
1488 829 1721 867 vehementer,
1747 835 1780 860 et
1804 839 1882 860 cum
1906 828 2063 860 conscius
2078 833 2167 859 esset

320 889 501 920 multorum
524 887 700 924 malorum,
719 896 784 928 que
801 886 933 917 fecerat
949 884 1144 921 Trivixinis‚
1169 894 1254 925 quos
1271 882 1456 914 crudeliter
1479 882 1675 914 occidendo
1701 887 1735 913 et
1759 881 1917 912 eiciendo
1943 879 1987 912 de
2012 880 2165 918 civitate,

316 941 414 973 bonis
438 940 594 972 omnibus
618 939 815 980 expoliavit,
840 936 1005 980 quosdam
1029 946 1112 968 vero
1137 936 1286 977 ipsorum
1302 935 1528 978 ignominiose
1545 934 1734 975 suspendit,
1750 933 1923 975 variisque
1940 933 2050 965 modis
2073 932 2166 964 occi-

317 994 375 1030 dit,
399 993 484 1025 alios
507 999 618 1024 autem
643 1001 740 1023 cesos
757 990 874 1033 gladio
891 990 1006 1021 iacere
1023 989 1109 1020 fecit
1125 989 1313 1030 insepultos
1337 988 1372 1018 in
1398 987 1512 1019 medio
1536 987 1742 1028 platearum:
1768 996 1837 1018 non
1854 986 1920 1017 fuit
1937 996 2036 1018 ausus
2055 984 2166 1016 inimi-

318 1057 435 1078 corum
460 1052 642 1087 expectare
667 1045 864 1081 adventum,
888 1048 939 1074 set
964 1053 1040 1074 cum
1064 1052 1171 1074 uxore
1186 1052 1228 1073 ac
1245 1041 1323 1072 filiis
1340 1047 1440 1073 nocte
1457 1040 1648 1071 Trivixium
1672 1038 1876 1082 dereliquid,
1901 1045 1934 1070 et
1951 1039 1995 1070 ad
2019 1044 2167 1071 castrum

318 1100 436 1132 Sancti
451 1099 621 1143 §lenonis-,¹
641 1097 855 1139 confugiens,
875 1097 931 1135 ibi,
947 1096 1135 1127 monitione
1150 1095 1222 1127 loci
1240 1095 1396 1133 confisus,
1414 1105 1507 1125 suam
1524 1093 1727 1125 artissimam
1745 1092 1921 1124 constituit
1933 1101 2167 1135 mansyonem.

318 1212 353 1237 et
375 1217 395 1237 a
417 1205 553 1237 civibus
575 1205 643 1236 suis
665 1209 840 1246 gratanter
863 1209 897 1234 et
921 1202 1066 1243 pacifice
1091 1207 1168 1232 sunt
1190 1201 1330 1242 recepti.
1377 1200 1502 1232 Omnia
1526 1209 1606 1231 vero
1631 1206 1741 1231 castra
1757 1199 1926 1236 Mmchie,
1950 1204 2019 1229 tam
2042 1198 2078 1229 in
2094 1197 2168 1239 pla-

320 1259 403 1290 nitie
428 1269 530 1301 quam
558 1258 590 1288 in
623 1257 795 1288 montibus
819 1256 1012 1293 constituta,
1036 1254 1104 1286 suis
1128 1253 1322 1286 civitatibus
1347 1253 1383 1284 in
1407 1253 1503 1285 brevi
1532 1259 1688 1294 tempore
1711 1252 1847 1284 reddita
1870 1257 1948 1283 sunt
1970 1262 1990 1282 a
2014 1250 2167 1282 custodi-

318 1312 382 1344 bus
404 1311 560 1343 Ecellini.
608 1311 664 1341 Ad
687 1310 751 1340 ista
775 1318 922 1350 namque
947 1308 1062 1340 omnia
1085 1307 1236 1339 feliciter
1265 1306 1466 1348 peragenda
1497 1312 1633 1337 strenue
1662 1316 1697 1337 se
1729 1305 1897 1348 gerebant
1929 1310 1998 1336 tam
2021 1303 2168 1345 populus

319 1375 419 1407 quam
443 1364 563 1395 militia
586 1363 756 1405 paduana,
781 1362 978 1403 pariterque
1003 1360 1178 1402 presentia
1195 1366 1229 1391 et
1245 1359 1428 1401 persuaxio
1453 1358 1655 1390 sanctissimi
1678 1359 1786 1400 patris
1809 1357 1970 1400 Gregorii
1997 1357 2168 1398 patriarce

319 1416 545 1460 aquileiensis,
570 1416 627 1458 qui
659 1422 740 1447 tunc
772 1420 845 1446 erat
868 1414 996 1451 Padue,
1021 1413 1204 1445 maximum
1230 1412 1393 1443 auxilium
1418 1411 1637 1448 conterebam
1663 1411 1758 1442 cuius
1790 1410 2103 1453 magnanimitatem
2136 1415 2169 1440 et

319 1470 534 1511 prudentiam
558 1469 841 1509 circumspectam
866 1468 900 1498 in
925 1467 1040 1498 arduis
1071 1466 1225 1508 negotiis,
1251 1465 1309 1506 [et]
1332 1465 1471 1496 summis
1502 1464 1674 1505 periculis,
1698 1470 1769 1495 tota
1792 1464 1910 1495 Ytalia
1934 1469 1984 1495 est
2016 1468 2167 1504 experta.

320 1522 557 1554 Veronensem
582 1527 704 1558 autern,
731 1531 807 1551 cum
831 1520 934 1561 longo
959 1524 1113 1560 tempore
1137 1518 1281 1549 fuissent
1305 1517 1435 1549 crebris
1458 1516 1625 1549 bellorum
1650 1516 1909 1558 tempestatibus
1938 1514 2168 1558 conquassati,

322 1575 450 1606 habere
474 1585 594 1616 pacem
620 1584 696 1606 cum
721 1579 818 1614 parte
843 1572 978 1603 comitis
1008 1571 1190 1613 plurimum
1219 1570 1450 1607 affectabant:
1474 1571 1566 1602 unde
1591 1570 1770 1601 audientes
1794 1579 1909 1601 casum
1933 1567 2169 1600 nefandissimi

323 1627 480 1665 Ecellini,
510 1627 617 1669 gavisi
648 1632 726 1658 sunt
756 1626 985 1662 vehementer,
1021 1624 1103 1667 quia
1135 1624 1245 1665 erepti
1276 1629 1373 1654 erant
1404 1623 1447 1654 de
1480 1628 1548 1654 tam
1579 1622 1780 1665 gravissima
1811 1622 1983 1654 servitute.
2029 1620 2171 1653 Accidit

321 1690 469 1723 namque
492 1679 763 1718 Veronensibus,
788 1679 880 1722 quod
904 1678 990 1709 dicit
1013 1677 1093 1709 Yob
1106 1676 1127 1715 ²,
1148 1677 1228 1719 quia
1245 1677 1326 1708 dum
1350 1676 1449 1707 nimis
1473 1675 1657 1707 timuerunt
1672 1676 1841 1717 pruinam,
1864 1675 1969 1707 inruit
1992 1685 2093 1717 super
2110 1683 2170 1706 eos

322 1735 392 1771 nix,
415 1744 532 1777 ymmo
555 1733 685 1775 glacies
708 1731 897 1768 infernalis,
922 1736 956 1762 et
980 1731 1061 1762 dum
1086 1730 1284 1772 quesierunt
1300 1729 1380 1772 equi
1396 1728 1634 1760 fortitudinem
1651 1729 1839 1768 declinare,
1860 1729 1894 1759 in
1918 1729 2038 1760 dentes
2061 1727 2170 1759 leonis

323 1786 487 1819 sevissimi
511 1786 724 1822 incurerunt;
750 1784 924 1816 horribilis
948 1784 1038 1815 enim
1063 1790 1237 1826 tyrapnus,
1266 1792 1368 1825 quem
1401 1782 1635 1814 exaltaverant
1662 1793 1765 1824 supra
1795 1782 1944 1819 modum,
1968 1781 2016 1813 ita
2046 1780 2171 1812 crude-

327 1840 403 1872 liter
426 1839 545 1871 afflixit
568 1839 659 1870 illam
683 1838 926 1870 nobilissimam
951 1837 1135 1874 civitatem,
1160 1836 1252 1879 quod
1275 1836 1332 1867 vix
1355 1835 1404 1866 in'
1431 1846 1472 1867 ea
1495 1835 1601 1866 ullum
1629 1835 1777 1867 nobilem
1806 1834 1946 1866 militem
1975 1833 2170 1875 dereliquit.

324 1893 493 1934 Populum
519 1892 618 1924 etiam
654 1890 923 1932 potentissimum
958 1890 1088 1933 gladio,
1120 1890 1223 1927 fame,
1254 1889 1345 1931 igne,
1379 1888 1591 1931 diversisque
1622 1888 1785 1930 periculis
1817 1894 1851 1919 et
1878 1887 2032 1930 supliciis
2067 1886 2171 1918 vehe-

324 1951 457 1978 menter
480 1945 611 1982 atrivit3
637 1955 715 1975 nam
739 1944 774 1975 in
798 1955 865 1975 una
889 1943 945 1975 die
969 1944 1043 1974 fere
1069 1943 1237 1975 ducentos
1260 1943 1480 1974 Veronenses
1503 1941 1587 1973 fecit
1611 1941 1709 1973 simul
1734 1951 1810 1972 cum
1838 1941 1913 1982 ipso
1931 1950 2072 1972 carcere
2089 1939 2171 1982 igne

325 1998 567 2040 circumposito
593 1997 817 2029 concremari.
863 1997 946 2028 Post
969 1997 1083 2039 itaque
1109 1996 1268 2028 continua
1286 1995 1432 2037 suspiria
1457 2001 1489 2026 et
1507 1995 1655 2034 dolores,
1680 1994 1818 2026 tandem
1836 1994 2064 2031 Veronenses,
2089 1992 2173 2024 celi-

326 2057 378 2082 tus
401 2056 542 2092 recepta
566 2050 855 2082 desideratissima
880 2048 1045 2088 libertate,
1070 2049 1163 2081 omni
1181 2049 1344 2081 dilatione
1361 2047 1561 2089 postposita,
1586 2046 1759 2079 custodes'
1783 2047 1922 2090 tyrapm'
1945 2046 1989 2078 de
2012 2045 2173 2077 munitio-

2191 775 2229 805 10

2194 1037 2230 1069 15

2192 1304 2233 1334 20

2194 1566 2234 1598 25

2195 1833 2237 1864 :30

326 2104 424 2136 nibus
449 2103 681 2145 expulserunt,
699 2109 733 2135 et
757 2103 884 2144 apertis
909 2102 1103 2134 carceribus
1127 2102 1329 2138 tenebrosis,
1354 2107 1496 2132 cunctos
1521 2100 1677 2142 captivos
1692 2100 1869 2142 utriusque
1893 2109 2003 2131 sessus
2018 2098 2172 2141 protinus
2195 2096 2237 2128 35

327 2156 541 2193 dimiserunt3
566 2155 749 2197 statimque
774 2156 818 2187 ad
841 2155 1011 2187 Comitem
1040 2154 1161 2187 Sancti
1183 2153 1388 2186 Bonefacii³
1412 2153 1553 2185 Mantue
1585 2159 1861 2191 commorantem,
1886 2158 1920 2184 et
1951 2152 1996 2184 ad
2025 2151 2173 2194 reliquos

328 2210 421 2241 cives
444 2220 522 2241 suos
544 2208 687 2240 nuncios
711 2208 909 2250 dirigentes,
934 2215 970 2240 ut
993 2208 1038 2239 ad
1061 2219 1155 2240 suam
1180 2207 1333 2239 redirent
1359 2207 1517 2248 patriam,
1541 2216 1600 2238 eos
1627 2205 1854 2238 amicabiliter
1870 2205 2080 2237 ortabantur.
2126 2203 2174 2235 At

327 2263 387 2300 illi,
411 2269 489 2304 post
512 2262 651 2304 longum
675 2262 816 2293 exilium
842 2261 964 2293 natalis
988 2261 1174 2293 dulcedine
1205 2261 1269 2293 soli
1293 2261 1425 2302 perfrui
1450 2260 1641 2301 cupientes,
1666 2260 1710 2291 ad
1743 2259 1904 2291 dilectam
1929 2258 2101 2290 civitatem
2125 2258 2174 2288 le-

328 2322 438 2347 tanter
463 2315 520 2357 [et]
544 2315 688 2356 pacifice
714 2314 899 2346 redierunt.
948 2314 1091 2347 Sublato
1116 2324 1264 2357 namque
1281 2314 1324 2345 de
1342 2312 1458 2345 medio
1475 2313 1649 2345 discordie
1673 2318 1837 2350 amatore,
1861 2312 1897 2343 in
1920 2317 1993 2343 tota
2015 2310 2176 2342 Marchia

328 2379 396 2410 pax
418 2368 603 2410 tranquilla
627 2374 661 2399 et
685 2367 795 2399 dulcis
819 2368 1006 2399 concordia
1029 2367 1140 2399 subito
1166 2373 1216 2398 est
1240 2367 1383 2403 effecta3
1412 2367 1532 2408 sicque
1555 2365 1665 2407 patuit
1687 2376 1749 2407 per
1767 2365 1942 2403 effectum,
1966 2364 2061 2407 quod
2083 2363 2175 2395 solus

329 2421 415 2452 filius
439 2420 665 2463 prodictionis
688 2430 809 2462 pacem
834 2427 867 2451 et
890 2420 1033 2453 salutem
1058 2420 1208 2452 omnium
1234 2419 1455 2456 excludebat3
1472 2429 1551 2450 nam
1567 2424 1605 2450 ut
1621 2428 1717 2450 suum
1735 2417 1923 2449 dominium
1941 2421 2176 2460 augmentaret

330 2475 456 2515 pariter
488 2480 522 2506 et
554 2475 712 2511 firmaret,
736 2473 942 2516 ubicumque
973 2480 1118 2514 poterat,
1151 2474 1304 2505 studiose
1328 2482 1497 2504 venenum
1522 2472 1593 2503 odii
1617 2478 1651 2504 et
1675 2471 1895 2503 dissensionis
1919 2470 2007 2502 inter
2029 2469 2176 2511 populos

330 2527 551 2563 effundebat3
583 2533 743 2568 suspecta
770 2527 897 2568 quippe
932 2533 1075 2569 tyrapno
1107 2532 1180 2558 erat
1211 2526 1352 2558 dilectio
1387 2525 1549 2562 caritatis,
1582 2524 1724 2566 putabat
1754 2524 1854 2560 enim,
1886 2533 1955 2555 non
1987 2523 2045 2554 diu
2080 2532 2176 2553 suum

332 2579 520 2611 dominium
544 2589 815 2621 permansurum,
839 2580 867 2611 si
892 2579 984 2611 cives
1008 2579 1158 2611 invicem
1183 2589 1218 2611 se
1241 2584 1403 2611 amarent.

422 2698 462 2715 11.
481 2692 554 2715 esset
574 2692 671 2720 AxN.;
689 2699 738 2714 om.
758 2691 818 2714 AB
836 2691 913 2715 Men.
930 2704 962 2707 —-
979 2696 1019 2721 13·
1033 2691 1188 2723 expoliarat
1202 2691 1280 2714 Mna.
1300 2690 1470 2722 expoliatum
1490 2689 1515 2712 B
1535 2702 1566 2706 —
1591 2688 1630 2713 16.
1644 2687 1824 2720 artissimam]
1846 2688 2031 2712 certissimam
2045 2687 2122 2712 Mun.
2143 2699 2175 2704 --

334 2739 376 2757 22.
395 2733 558 2765 Aquilensis
575 2733 599 2756 A
617 2745 627 2750 -
647 2733 908 2764 magnaminitatem
928 2733 951 2755 A
978 2745 1010 2749 —-
1037 2739 1080 2763 30.
1099 2731 1143 2764 ea]
1163 2739 1222 2756 eam
1241 2732 1264 2755 A
1290 2745 1300 2749 -
1325 2730 1423 2762 ullum]
1444 2739 1528 2755 unum
1547 2731 1571 2754 A
1590 2731 1682 2755 Mumi
1701 2737 1787 2754 unum
1805 2730 1818 2752 ἑ
1837 2730 1896 2752 dato
1915 2729 1995 2752 anche
2014 2729 2061 2752 dal
2083 2729 2135 2752 cod.
2160 2734 2175 2751 2

333 2773 472 2805 (Parigino
499 2774 540 2804 81)
561 2774 632 2805 degli
650 2775 729 2798 ANN.
750 2787 783 2790 —
802 2780 844 2805 33.
864 2774 933 2798 Post
951 2773 1059 2805 itaque]
1086 2774 1238 2805 Postquam
1259 2773 1298 2797 ita
1317 2773 1341 2796 Α
1361 2786 1393 2790 -—
1413 2779 1455 2804 39.
1475 2771 1713 2796 sublata-materia
1738 2771 1824 2794 hanno
1844 2772 1921 2794 AN'N.
1959 2771 1978 2793 I
1992 2772 2073 2794 codici
2090 2770 2134 2793 che
2155 2770 2176 2792 lo

328 2815 419 2847 JAFFfE
438 2816 526 2838 indica
546 2817 584 2839 roi
602 2824 645 2839 nn.
667 2822 677 2838 1
697 2824 709 2838 ε
724 2822 738 2838 2
752 2816 838 2839 hanno
854 2817 916 2846 pert>
937 2816 1185 2840 sublato—amatore

422 2890 429 2906 ¹
450 2892 504 2916 San
525 2892 637 2915 Zenone
656 2891 770 2916 castello
791 2891 833 2915 fra
853 2891 978 2916 Bassano
997 2891 1031 2915 ed
1051 2891 1147 2915 Asolo.
1372 2889 1383 2905 ³³
1402 2891 1555 2915 Lodovico.

423 2934 435 2950 ²
454 2935 519 2965 101³„
540 2935 588 2965 VI,
611 2934 649 2959 16.

2199 2363 2241 2393 40
