2307 3592
58 852 95 883 10

57 1159 94 1191 15

54 1487 95 1517 20

54 1806 95 1838 25

55 2067 98 2097 30

64 2590 95 2606 10

64 3006 97 3023 20

121 254 204 289 [ΛΑ.
224 254 422 288 1266-1279]
751 249 1065 284 CHRONICON
1094 249 1326 284 ESTENSE
1913 247 1961 281 43

120 378 176 410 die
200 378 336 410 veneris
360 387 448 409 xxm
471 378 596 410 mensis
620 377 794 420 februarij,
810 377 893 410 dicti
909 378 1026 421 Reges
1043 384 1172 409 armata
1188 388 1288 408 manu
1313 377 1459 418 prelium
1476 377 1521 409 ad
1537 377 1685 409 invicem
1709 376 1963 416 commiserunt,

121 431 157 462 in
182 441 249 473 quo
280 430 391 472 prelio
415 431 513 462 multi
537 440 578 462 ex
601 436 745 472 utraque
767 436 863 471 parte
887 431 1011 462 mortui
1035 430 1250 466 fuerunt3'et
1273 430 1369 461 multi
1393 429 1538 461 barones
1563 429 1655 471 capti
1679 429 1765 461 dicti
1788 429 1964 462 Manfredi

122 483 225 526 regis,
249 483 380 525 scilicet
404 494 520 515 comes
542 483 714 526 Jordanus
738 489 772 514 et
795 483 851 514 alii
879 489 912 514 et
935 482 1100 515 Saraceni
1132 483 1175 514 de
1204 482 1356 514 Nuceria
1387 482 1519 514 iverunt
1551 491 1668 514 omnes
1691 481 1736 513 ad
1766 481 1963 513 mandatum

122 535 204 567 dicti
228 536 319 578 regis
342 536 474 568 Karoli.
519 536 564 567 Et
586 536 621 567 in
647 536 701 567 die
725 545 829 577 pasce
854 545 877 566 v
894 542 1040 567 exeunte
1064 535 1183 566 martio
1199 537 1207 552 ¹
1234 534 1359 566 Comes
1376 535 1605 578 camerlingus
1622 534 1716 566 dicto
1740 534 1816 577 regi
1841 534 1966 567 Carulo

122 588 340 630 prexentavit
371 595 514 631 quatuor
538 599 682 620 coronas
714 588 943 625 divstissimas,
975 598 1040 630 que
1064 588 1202 619 fuerant
1232 588 1448 628 imperatoris
1479 587 1640 620 Federici
1664 593 1698 618 et
1722 593 1818 619 erant
1848 587 1964 620 inesti-

120 628 274 672 mabiles.
321 641 470 673 Karolus
487 641 661 683 predictus
678 641 797 672 divixit
813 640 999 673 Nuceriam
1016 641 1050 671 in
1075 647 1220 682 quatuor
1244 646 1357 681 partes
1382 646 1415 671 et
1432 639 1568 672 abstulit
1592 640 1641 671 eis
1666 650 1773 682 equos
1797 646 1832 672 et
1855 651 1964 677 arma;

120 700 154 725 et
176 695 213 725 in
236 695 303 725 fine
327 694 401 735 ipse
425 694 493 726 fuit
523 704 584 725 rex
615 693 753 735 Apulie‚
778 693 907 731 Sicilie,
931 693 1215 731 Terre-Laboris,
1246 692 1389 735 Abrucii
1417 699 1450 724 et
1482 693 1643 734 princeps
1674 693 1835 724 Tarantri
1867 699 1899 725 et
1923 694 1966 725 de

121 746 279 778 omnibus
303 746 388 785 aliis,
413 757 479 788 que
503 746 767 788 possidebantur
790 756 852 787 per
876 755 992 788 regem
1016 745 1249 777 Manfredum.

208 799 344 831 Eodem
367 799 547 831 millesimo
572 805 606 831 et
629 809 745 831 mense
770 798 934 830 februarii
963 798 1120 830 dominus
1144 799 1297 829 marchio
1321 798 1418 841 Acco
1443 799 1597 836 estensis,
1620 799 1679 840 qui
1704 805 1786 830 tunc
1811 805 1883 831 erat
1905 798 1967 831 do-

120 851 229 883 minus
253 851 399 883 civitatis
422 852 450 883 F
453 852 562 883 erarie
587 851 671 894 obijt
687 858 720 883 et
735 851 904 892 sepultum
920 851 985 882 fujt
1002 861 1126 892 corpus
1143 851 1214 882 eius
1231 850 1274 882 ad
1291 851 1403 883 locum
1420 851 1575 882 Fratrum
1591 851 1762 883 Minorum
1780 852 1813 882 in
1829 852 1967 883 Feraria

121 915 199 936 cum
223 904 370 936 maximo
394 905 525 937 honore
539 904 560 936 ².

917 983 1135 1017 MCCLXVI
1136 984 1167 1026 J.

208 1055 356 1087 Grasulfi
380 1055 423 1086 de
446 1054 584 1086 Mutina
608 1054 741 1096 expulsi
765 1054 905 1086 fuerunt
929 1055 972 1086 de
996 1054 1088 1086 dicta
1112 1054 1251 1086 civitate
1266 1054 1288 1086 ³.

207 1108 343 1139 Eodem
367 1107 546 1139 millesimo
571 1107 614 1138 de
639 1117 756 1138 mense
779 1107 924 1150 augusti.
964 1107 1042 1138 Rex
1067 1107 1211 1139 Carolus
1234 1107 1300 1139 fuit
1316 1107 1351 1138 in
1370 1117 1491 1149 campo
1517 1118 1594 1139 cum
1611 1118 1694 1150 rege
1710 1107 1917 1146 Conradino‚
1935 1114 1969 1140 et

119 1170 280 1203 magnum
303 1160 449 1202 prelium
473 1160 539 1192 fuit
562 1160 651 1191 inter
675 1170 735 1191 eos
759 1165 793 1191 et
822 1159 946 1191 mortui
962 1160 1101 1191 fuerunt
1123 1160 1221 1191 multi
1238 1170 1280 1191 ex
1303 1166 1448 1202 utraque
1471 1167 1568 1201 parte
1580 1160 1603 1192 ⁴².
1627 1161 1666 1192 In
1690 1162 1757 1192 fine
1775 1161 1887 1193 dictus
1909 1172 1969 1192 rex

119 1213 267 1245 Karolus
290 1213 444 1244 obtinuit.
490 1213 571 1244 Rex
594 1212 810 1244 Conradinus
829 1223 905 1244 cum
922 1213 1035 1244 multis
1053 1212 1126 1254 alijs
1150 1212 1335 1244 baronibus
1352 1212 1443 1253 capti
1467 1213 1605 1244 fuerunt
1629 1219 1663 1244 et
1687 1214 1849 1245 conducti
1876 1214 1969 1245 Nea-

121 1265 227 1307 polim
252 1271 286 1297 et
310 1265 354 1297 de
378 1264 537 1297 mandato
560 1265 652 1308 regis
676 1265 799 1297 Karoli
823 1275 884 1296 rex
907 1265 1088 1297 Conradus
1112 1275 1189 1296 cum
1214 1264 1288 1307 alijs
1311 1265 1497 1297 baronibus
1523 1265 1711 1307 decapitati
1729 1266 1868 1298 fuerunt
1882 1266 1903 1298 ⁵.

914 1360 1183 1403 MCCLXXIIJ.

207 1433 272 1464 Die
297 1432 407 1474 primo
432 1432 559 1464 mensis
583 1432 727 1476 aug-usti.
772 1433 939 1464 Dominus
962 1432 1158 1464 Ubaldinus
1183 1433 1226 1465 de
1251 1433 1285 1464 la
1309 1434 1463 1465 Fontana
1479 1433 1567 1465 fecit
1590 1433 1751 1465 insultum
1771 1440 1891 1466 contra
1908 1435 1969 1467 do-

120 1486 247 1517 minum
271 1485 507 1518 marchionem
531 1485 719 1529 Obiconem
743 1492 922 1524 estensem,
947 1486 1089 1527 cupiens
1113 1497 1190 1517 eum
1215 1486 1378 1518 occidere
1401 1496 1505 1527 super
1528 1486 1653 1528 platea,
1672 1487 1860 1519 communis
1886 1487 1969 1519 Fer-

118 1539 225 1571 rarie:
251 1549 319 1581 qua
342 1539 386 1570 de
410 1548 514 1570 causa
537 1539 612 1580 ipse
638 1539 869 1571 incontinenti
892 1545 1045 1570 mortuus
1068 1538 1137 1570 fuit
1159 1549 1262 1580 super
1286 1539 1415 1570 dictam
1438 1539 1606 1580 plateam.y

885 1636 1174 1669 MCCLXXVIH
1176 1636 1205 1678 J.

206 1707 271 1739 Die
289 1717 382 1739 xvnI
400 1707 527 1739 mensis
544 1706 759 1748 septembris.
776 1707 982 1749 Magnificus
998 1706 1158 1738 dominus
1175 1706 1331 1739 dominus
1346 1707 1500 1739 marchio
1514 1706 1638 1750 Obico,
1652 1707 1711 1749 qui
1728 1714 1809 1739 tunc
1824 1714 1897 1740 erat
1910 1709 1971 1740 do-

121 1757 232 1789 minus
245 1757 393 1789 civitatis
418 1757 568 1796 Ferme,
582 1758 648 1802 ivit
663 1758 699 1789 in
714 1757 901 1789 subsidium
921 1758 1075 1789 comunis
1091 1757 1222 1795 Padue,
1240 1763 1274 1788 et
1290 1757 1465 1790 Vicentini
1491 1768 1567 1789 cum
1592 1758 1642 1790 eis
1665 1764 1699 1790 et
1715 1757 1800 1790 dicti
1815 1758 1971 1790 Paduani

121 1818 198 1840 cum
223 1807 296 1840 istis
320 1808 522 1840 anominatis
547 1814 581 1840 et
605 1818 682 1840 cum
708 1808 799 1840 omni
824 1818 942 1840 eorum
974 1818 1074 1849 posse
1106 1808 1241 1840 iverunt
1272 1818 1380 1850 usque
1413 1809 1457 1840 ad
1489 1815 1639 1840 castrum
1663 1808 1809 1841 Colonie
1841 1809 1885 1841 de
1917 1809 1970 1840 di-

119 1857 240 1890 strICtu
262 1858 413 1897 Verone,
438 1864 472 1890 et
495 1858 543 1890 ibi
566 1864 732 1890 steterunt
755 1869 817 1900 per
834 1868 911 1890 XLII
937 1858 1069 1890 dierum
1085 1858 1241 1900 spatium,
1267 1864 1301 1890 et
1323 1858 1358 1890 in
1381 1859 1447 1890 fine
1471 1858 1600 1891 dictum
1625 1865 1774 1891 castrum
1798 1858 1968 1892 redditum

120 1908 188 1939 fuit
212 1908 305 1940 dicto
329 1909 468 1940 domino
492 1909 688 1941 Marchioni
713 1910 756 1941 de
780 1909 978 1951 volunptate
1003 1915 1068 1941 etc.

207 1961 342 1993 Eodem
358 1961 540 1993 millesimo
557 1962 614 1994 die
630 1962 718 1994 iovis
734 1962 832 1994 tertio
848 1962 972 1994 mensis
986 1962 1182 1994 decembris
1195 1961 1216 1994 ⁷.
1241 1961 1470 2005 Lambertacj,
1487 1962 1546 2004 qui
1563 1962 1696 2004 expulsi
1713 1969 1809 1995 erant
1825 1962 1868 1995 de
1887 1963 1970 1995 civi-

120 2019 191 2045 tate
203 2012 370 2052 Bononie,
388 2024 449 2055 per
464 2024 587 2056 pacem
604 2014 779 2046 redierunt
794 2015 830 2046 in
847 2015 973 2047 dictam
1000 2014 1181 2046 civitatem.
1214 2015 1259 2046 Et
1277 2015 1334 2047 die
1351 2025 1419 2046 xm
1437 2015 1522 2047 dicti
1540 2016 1664 2047 mensis
1680 2015 1746 2047 suit
1762 2016 1970 2057 principium

123 2066 298 2098 cuiusdam
321 2067 405 2098 risse
428 2067 517 2099 inter
540 2067 722 2100 becharios
746 2068 839 2100 dicte
865 2068 1011 2099 civitatis
1035 2067 1201 2100 Bononie.
1248 2068 1315 2099 Die
1331 2068 1468 2100 veneris
1491 2067 1687 2111 sequentis⁸
1711 2069 1747 2100 in
1770 2069 1857 2100 hora
1880 2079 1969 2101 none

211 2181 236 2198 2.
255 2175 285 2198 in
304 2183 351 2198 om.
371 2175 397 2198 B
415 2175 494 2200 Mna.
515 2189 543 2192 —
568 2182 592 2207 7.
612 2175 673 2208 ipse
693 2177 723 2200 in
742 2175 795 2199 fine
814 2176 839 2198 B
858 2175 934 2200 Mun.
962 2188 994 2192 —
1019 2182 1058 2200 10.
1078 2177 1106 2198 ln
1127 2177 1246 2206 margine
1271 2176 1301 2198 di
1318 2176 1342 2199 Α
1362 2175 1431 2199 della
1449 2180 1527 2200 stesso
1546 2184 1638 2200 mano:
1659 2176 1737 2200 Mors
1763 2176 1905 2208 magnifici
1924 2176 1971 2201 do-

123 2215 193 2239 mini
207 2216 233 2240 d.
252 2216 376 2240 Aczonis
389 2217 562 2242 marchionis
575 2218 696 2242 estensis
716 2231 749 2235 --
771 2224 811 2241 12.
831 2216 1028 2248 MCCLXVIJ]
1048 2215 1250 2248 MCCLXVIIJ
1262 2217 1339 2242 ML'R.
1355 2231 1387 2235 —
1409 2225 1450 2249 13.
1469 2218 1596 2243 Grasulfi.
1656 2218 1773 2242 civitate
1786 2226 1832 2242 om.
1847 2218 1922 2243 Mun.
1938 2233 1971 2236 —

126 2261 166 2286 17.
187 2256 367 2282 Conradinus
386 2257 464 2283 Mun.
480 2271 512 2276 —-
527 2265 569 2282 22.
583 2257 834 2290 MCCLXXVIIIJ']
854 2258 1077 2290 MCCLXXVIIJ
1096 2258 1174 2283 Men.
1190 2272 1222 2276 —
1237 2266 1278 2290 23-
1293 2259 1346 2283 Die
1366 2266 1444 2284 xvnI
1463 2267 1510 2284 om.
1524 2260 1550 2283 B
1562 2259 1640 2284 Mun.
1663 2273 1693 2277 —-
1716 2266 1757 2291 24·
1777 2260 1905 2284 civitatis
1923 2268 1971 2285 om.

122 2299 149 2321 B
167 2298 243 2324 MUR.
265 2312 298 2316 —
318 2303 361 2330 27.
380 2301 432 2324 etc.
452 2307 500 2324 om.
520 2307 586 2323 come
605 2303 704 2331 sempre
723 2301 799 2324 Mun.

208 2370 215 2387 ¹
237 2373 278 2397 La
297 2373 408 2404 Pasqua
426 2373 509 2398 cadde
528 2373 668 2398 nell⁷anno
690 2373 758 2398 1266
777 2375 797 2398 il
817 2375 849 2399 28
870 2382 970 2398 marzo.

208 2412 220 2428 ²
238 2415 314 2438 Azzo
333 2415 386 2439 VII
404 2415 517 2439 novello
537 2414 608 2439 morl
627 2416 672 2440 nel
684 2417 787 2447 giorno
804 2415 836 2440 16
849 2415 877 2439 di
890 2416 1017 2440 febbraio

124 2454 200 2487 1264.
219 2456 265 2481 Cf.
278 2456 475 2487 Rmconnmo,
487 2457 544 2481 RR.
560 2458 594 2481 II.
610 2457 670 2486 SS.,
684 2458 731 2488 IX,
746 2465 772 2490 p.
789 2462 852 2489 1333
867 2459 909 2482 tre
921 2459 1018 2490 giorni

120 2499 213 2528 prima
241 2498 294 2530 egli
322 2506 409 2523 avet-a
436 2499 509 2523 fatto
535 2501 703 2524 testamento
737 2498 928 2530 (Mvmrom,
955 2501 1016 2524 Ant.

121 2544 178 2569 cst„
197 2541 232 2571 11,
252 2549 278 2573 p.
301 2542 343 2571 18)
364 2543 538 2566 nominando
564 2550 614 2566 suo
640 2543 718 2566 erede
744 2543 764 2566 il
789 2543 886 2575 nipote
913 2543 1017 2568 Obizzo

122 2582 147 2606 d‘
157 2583 228 2607 Este.

209 2622 220 2639 3
238 2624 292 2649 Nel
314 2631 346 2655 14
359 2624 499 2649 dicembre
515 2624 581 2657 1264
595 2625 624 2650 la
636 2625 748 2650 fazione
760 2625 854 2657 guelfa
868 2626 1018 2650 modenese

121 2665 199 2690 detta
216 2665 291 2696 degli
309 2666 416 2697 Aigoni
434 2667 541 2690 aiutata
559 2667 594 2691 da
613 2666 693 2698 guelfi
711 2667 855 2691 florentini
868 2667 1020 2691 fuorusciti

122 2714 137 2730 e
156 2713 222 2738 pare
241 2706 329 2730 anche
346 2706 421 2731 colla
440 2706 602 2739 complicita
621 2708 665 2732 del
685 2706 804 2740 podest&
822 2708 958 2732 Monaldo
984 2708 1019 2732 da

122 2748 241 2772 Orvieto
260 2747 353 2772 caceio
372 2748 406 2772 da
425 2749 548 2773 Modena
566 2750 591 2773 la
610 2749 720 2774 fazione
739 2750 902 2774 avversaria
915 2750 1020 2781 ghibel-

122 2789 180 2813 lina
199 2788 276 2813 detta
296 2789 342 2813 dei
361 2789 491 2815 Grasolfi.
510 2789 555 2814 Cf.
569 2791 594 2814 le
617 2791 748 2814 Cronaclze
767 2791 896 2814 modenesz'
914 2791 943 2813 in
962 2791 1019 2814 Λίσ-

123 2831 244 2854 numenti
255 2831 285 2853 di
294 2831 383 2854 Storz'a
392 2832 485 2854 Patria
495 2832 562 2855 delle:
568 2833 703 2863 provincie:
717 2833 856 2859 modenesi,
866 2832 928 2862 XV,
939 2840 965 2864 p.
976 2832 1019 2862 61,

123 2871 255 2902 Modena‚
272 2872 353 2901 1888;
379 2873 399 2896 il
422 2873 566 2896 Chronicon
585 2874 736 2900 Parmense,
756 2873 814 2897 RR.
834 2873 869 2897 II!
891 2874 952 2901 SS..
972 2874 1017 2901 IX,

122 2921 150 2944 p.
171 2920 212 2942 η,
232 2913 300 2938 ediz.
326 2915 463 2944 Bonazzi3
484 2915 503 2938 il
528 2916 606 2939 chm.
633 2916 688 2938 Pot.
709 2915 786 2946 leeg„
808 2915 883 2946 VIII,
903 2916 961 2939 RR.
981 2915 1015 2939 Il.

123 2956 184 2984 SS..
204 2963 230 2988 p.
252 2962 333 2988 11233
351 2957 391 2988 gli
410 2957 527 2980 Annales
551 2957 703 2981 Veronenses
717 2958 747 2980 de
760 2958 875 2981 Romano
888 2958 960 2982 editi
973 2958 1018 2982 dal

127 2998 236 3030 Cipolla
256 2999 285 3021 in
299 2999 466 3022 illonumentz'
478 2999 577 3023 Storz‘ci
588 2999 657 3022 della
674 2999 708 3024 R.
727 3000 853 3030 Depulaz.
875 3001 970 3024 Veneta
989 3001 1019 3022 dz'

1072 2375 1141 2399 Stor.
1160 2375 1266 2402 Patria,
1285 2375 1354 2399 serie
1380 2375 1428 2406 111,
1460 2375 1589 2399 Cronaclte
1609 2384 1622 2399 e
1640 2376 1745 2403 Diariz',
1771 2377 1828 2400 vol.
1853 2376 1888 2407 H,
1914 2377 1968 2401 Ve-

1071 2417 1158 2447 nezia,
1182 2417 1258 2448 1890.

1162 2457 1173 2473 ⁴
1192 2459 1335 2490 Battaglia
1353 2459 1382 2483 di
1402 2459 1458 2484 San
1478 2459 1630 2484 Valentino
1650 2461 1725 2484 ossia
1738 2460 1767 2484 di
1782 2460 1968 2492 Tagliacozzo

1072 2499 1115 2531 (33
1136 2501 1236 2531 agosto
1259 2500 1346 2531 1268).

1161 2540 1171 2555 ὖ
1191 2548 1224 2572 29
1243 2543 1356 2566 ottohre
1378 2542 1455 2568 1268.
1480 2543 1533 2567 Fra
1551 2543 1561 2567 i
1581 2543 1682 2567 baroni
1708 2542 1862 2576 decapitati
1882 2544 1911 2568 vi
1938 2544 1967 2567 fu

1073 2582 1161 2607 anche
1180 2583 1314 2607 Federico
1335 2583 1404 2608 duca
1422 2583 1574 2608 d‘Austria.

1161 2623 1172 2639 f·
1193 2625 1321 2657 Cologna
1334 2626 1446 2651 Veneta
1461 2634 1477 2650 a
1489 2627 1625 2651 trentasei
1645 2627 1787 2651 kilometri
1807 2627 1915 2651 sud—est
1934 2628 1969 2652 da

1073 2668 1194 2692 Verona.

1160 2707 1172 2723 ⁷
1191 2709 1213 2732 Il
1232 2709 1344 2733 ritorno
1364 2709 1409 2733 dei
1428 2710 1621 2734 Lambertazzi
1640 2711 1670 2734 in
1690 2710 1820 2742 Bologna
1844 2718 1969 2736 avvenne

1074 2751 1117 2774 nel
1137 2750 1240 2782 giorno
1261 2756 1291 2781 27
1313 2751 1342 2775 di
1367 2752 1524 2776 settembre.
1563 2752 1609 2776 Cf.
1636 2752 1792 2782 anroeu,
1815 2753 1969 2776 ΔἸίευιανὴιῖε

1074 2793 1235 2815 lEstoricmn
1257 2793 1325 2823 (RR.
1347 2793 1381 2815 ll.
1403 2793 1464 2820 SS.‚
1485 2793 1587 2823 XVIII,
1614 2801 1640 2826 p.
1667 2800 1709 2825 23,
1734 2794 1803 2818 ediz.
1829 2794 1968 2825 Sorbelli).

1073 2834 1095 2857 Il
1114 2842 1128 2865 3
1149 2834 1177 2857 di
1197 2835 1335 2858 dicembre
1354 2842 1411 2858 non
1431 2834 1462 2858 su
1481 2842 1518 2858 un
1537 2833 1654 2867 giovedl
1672 2843 1717 2859 ma
1736 2843 1793 2860 una
1811 2835 1970 2860 domenica.

1160 2874 1171 2890 S
1190 2876 1202 2899 I
1223 2876 1414 2900 Lambertazzi
1434 2876 1537 2901 furono
1557 2877 1677 2901 caecian
1697 2878 1716 2901 il
1734 2883 1764 2901 21
1786 2877 1815 2901 di
1829 2877 1969 2902 dicembre

1072 2918 1091 2941 il
1105 2917 1207 2949 giorno
1222 2918 1251 2941 di
1265 2925 1314 2942 san
1331 2919 1482 2941 Tommaso
1497 2917 1643 2950 (giovedi).
1676 2918 1719 2943 Cf.
1735 2919 1893 2949 Gmwmu,
1911 2919 1968 2942 Me-

1073 2959 1180 2982 moriale
1199 2959 1361 2982 Isti-tomum
1380 2959 1448 2990 (RR.
1470 2959 1504 2983 H.
1521 2960 1582 2987 SS„
1596 2960 1697 2990 XVIII,
1717 2968 1744 2993 p.
1762 2967 1803 2992 23,
1817 2961 1885 2986 ediz.
1905 2962 1969 2985 Sor·
1998 2971 2028 2996 33

1072 3001 1149 3032 belli)
1171 3008 1184 3024 e
1197 3001 1237 3032 gli
1255 3001 1359 3024 Annali
1375 3001 1533 3024 Alanloram·
1552 3002 1598 3027 (Jl.
1617 3003 1648 3026 G.
1664 3003 1711 3030 H,
1731 3003 1847 3033 XVIIII⁷
1868 3010 1893 3035 p.
1915 3004 1967 3035 29).

1996 2555 2028 2581 25

1996 2764 2030 2789 30

2047 1552 2123 1575 Mra,

2138 1552 2176 1570 330
