2297 3476
89 1963 210 1988 Mu1:.,.zjf

297 163 344 196 44
933 161 1247 198 CHRONICON
1275 161 1505 199 ESTENSE
1836 169 1918 203 [AA.
1941 171 2137 204 1279-1281]

292 292 546 324 Lambertaccii
567 291 712 333 predicti
737 299 962 323 cucurrerunt
986 293 1031 323 ad
1055 303 1149 323 arma
1177 299 1212 324 et
1242 293 1376 324 iverunt
1403 302 1505 334 super
1527 293 1686 334 plateam,
1712 294 1908 327 clamando:
1941 296 2138 327 Moriuntur

296 345 476 386 Germani,-
500 344 693 376 occidendo
717 350 751 375 et
774 345 989 376 vulnerando
1012 350 1128 386 partes
1153 345 1413 384 Germanorum,
1438 350 1472 376 et
1496 345 1597 377 etiam
1622 353 1789 387 ceperunt
1811 359 1911 379 unam
1936 349 2073 380 domum
2095 349 2139 380 de

292 397 520 429 Lambertinis
549 403 582 428 et
614 397 873 429 comburserunt
897 407 982 428 eam.
1030 397 1074 429 Et
1098 397 1325 429 incontinenti
1356 398 1531 437 Germani,
1564 398 1696 430 scilicet
1725 410 1805 440 pars
1836 401 2008 439 Ecclesie,
2040 402 2139 433 simul

291 450 449 481 fecerunt
474 449 783 492 congregationem
808 456 841 481 et
874 455 1080 482 cucurerunt
1111 451 1156 482 ad
1192 461 1285 481 arma
1319 461 1396 482 cum
1427 450 1586 493 gentibus
1618 451 1830 493 equestribus
1859 459 1893 484 et
1924 454 2139 494 pedestribus

294 508 327 533 ct
350 502 532 534 balistariis
556 503 591 533 in
616 512 740 545 magna
764 503 963 544 quantitate,
988 508 1022 534 et
1045 512 1207 545 magnum
1230 503 1376 544 prelium
1401 503 1560 535 fecerunt
1585 514 1661 535 cum
1687 504 1787 536 dictis
1809 505 2070 544 Lambertaciis;
2104 513 2138 538 et

291 555 325 586 in
348 555 414 586 fine
438 565 517 596 pars
541 555 700 587 Ecclesie
725 555 873 587 obtinuit
903 560 937 586 et
969 555 1117 597 expulsit
1140 556 1251 587 dictos
1274 556 1536 588 Lambertacios
1560 556 1604 588 de
1629 557 1722 588 dicta
1746 558 1884 589 civitate
1907 558 2071 598 Bononie,
2105 566 2139 591 et

291 607 547 639 derobaverunt
579 614 613 639 et
644 607 904 640 comburserunt
933 608 1054 640 domos
1084 608 1298 640 inimicorum
1324 619 1460 640 suorum
1485 615 1520 641 et
1547 609 1639 640 bona
1670 619 1786 642 eorum
1810 610 1845 641 in
1870 612 2041 643 communi
2072 610 2140 644 Bo-

291 660 392 692 nonie
410 660 703 702 despensaverunt
727 666 760 692 et
784 661 821 691 in
836 660 918 702 ipsis
936 661 1127 693 Germanis.
1174 661 1217 693 Et
1233 662 1297 693 ista
1314 662 1357 693 de
1376 671 1478 693 causa
1493 662 1718 701 Mutinenses„
1736 663 1862 706 Regini
1888 669 1921 695 et
1940 664 2140 697 Pasmenses

291 719 458 745 venerunt
481 713 515 744 in
540 713 699 745 auxilium
724 713 816 745 dicte
838 714 948 755 partis
971 713 1089 756 guelfe
1114 714 1158 746 de
1182 715 1351 746 Bononia.

2186 506 2202 537 Ul

1093 809 1342 842 MCCLXXX.
2167 815 2204 846 lO

380 892 432 922 De
456 900 573 922 mense
599 890 715 922 madii.
760 890 927 922 Dominus
950 890 1103 922 marchio
1128 891 1239 934 Obico
1262 891 1441 933 predictus
1464 891 1527 923 ivit
1552 902 1628 923 cum
1653 892 1775 924 militia
1798 903 1922 936 magna
1945 894 2140 926 Ferrarien-

289 945 376 976 sium
399 945 434 976 in
458 943 646 976 subsidium
671 944 826 975 comunis
848 943 980 982 Padue,
1013 950 1047 975 et
1077 944 1213 976 iverunt
1244 954 1348 985 super
1372 944 1562 977 districtum
1586 945 1725 977 Verone
1758 956 1859 988 super
1882 946 2083 988 Alponem¹,
2108 954 2141 979 et

290 997 337 1029 ibi
362 1008 439 1029 cum
465 997 619 1029 exercitu
643 1007 679 1028 se
707 996 961 1029 ordinaverunt.
1008 997 1192 1040 Caregium
1223 997 1464 1029 Paduanorum
1488 998 1665 1030 inventum
1696 999 1762 1031 fuit
1784 1010 1846 1041 per
1869 1010 1919 1031 xv
1941 1000 2034 1031 milia
2065 1011 2142 1032 cum

290 1060 347 1082 1111
373 1050 482 1082 bobus
507 1056 540 1082 et
563 1059 591 1081 11
615 1049 772 1082 bobulcis
795 1060 857 1091 pro
883 1049 1037 1092 quolibet
1061 1061 1179 1088 curro,
1205 1056 1239 1082 et
1262 1061 1348 1082 unus
1373 1061 1490 1083 currus
1515 1062 1593 1083 cum
1617 1052 1724 1083 archu
1747 1060 1781 1084 et
1796 1062 1869 1084 xxv
1885 1053 2035 1096 sagiptis,
2057 1053 2142 1084 alter

291 1113 373 1135 vero
397 1113 475 1136 cum
500 1103 631 1141 lancea,
664 1113 817 1135 roncone
845 1109 878 1135 et
910 1109 1019 1135 scuto.
1065 1103 1111 1135 Et
1136 1104 1402 1136 devastaverunt
1432 1105 1537 1136 multa
1560 1104 1653 1136 bona
1675 1115 1780 1146 super
1803 1105 1960 1138 districtu
1992 1106 2141 1138 Verone.
2169 1106 2206 1137 15

290 1157 334 1188 Et
358 1157 480 1188 eodem
513 1166 603 1187 anno
634 1155 730 1187 facta
762 1161 812 1188 est
843 1166 912 1198 pax
943 1156 1030 1188 inter
1055 1156 1231 1188 dominum
1255 1156 1505 1196 Marchionem‚
1539 1167 1684 1189 comune
1713 1158 1831 1190 Padue
1863 1169 1905 1190 ex
1936 1169 2003 1190 una
2033 1165 2141 1201 parte,

291 1216 325 1242 et
350 1210 526 1242 dominum
551 1208 696 1241 civitatis
719 1209 859 1241 Verone
885 1214 951 1242 etc.
978 1220 1020 1241 ex
1044 1209 1120 1242 alia.

378 1263 511 1295 Eodem
535 1261 718 1293 millesimo
742 1261 777 1293 in
808 1262 877 1294 fine
909 1263 1035 1294 mensis
1066 1263 1209 1306 augusti.
1255 1263 1421 1295 Dominus
1446 1264 1615 1296 Iohannes
1648 1265 1822 1308 Gaytanus
1855 1265 1897 1297 de
1929 1265 2052 1305 Roma,
2084 1265 2142 1308 qui

293 1316 458 1348 Nicolaus
473 1326 566 1357 papa
588 1315 789 1354 vocabatur,
807 1315 892 1348 obiit
906 1315 915 1332 ²
933 1326 1002 1348 non
1019 1316 1110 1348 bono
1128 1317 1243 1355 modo,
1260 1317 1331 1348 sine
1348 1317 1550 1359 penitentia,
1567 1317 1604 1348 in
1621 1323 1733 1350 castro
1759 1318 1895 1350 Suriani
1913 1318 1968 1350 de*
1987 1318 2143 1351 districtu

290 1369 437 1402 civitatis
460 1368 606 1401 Viterbi.
2164 1373 2206 1404 20

379 1423 515 1454 Eodem
539 1422 719 1454 millesimo
744 1422 777 1453 in
801 1422 892 1454 festo
924 1422 1035 1454 sancti
1057 1423 1199 1455 Martini
1222 1423 1347 1455 flumen
1376 1422 1464 1455 Padi
1488 1424 1596 1456 crevit
1622 1436 1664 1456 ex
1688 1425 1907 1456 multitudine
1939 1425 2143 1466 pluviarum,

290 1476 383 1518 quod
408 1475 573 1508 destruxit
596 1485 734 1518 argeres
758 1486 821 1517 per
844 1481 952 1508 totum
977 1476 1020 1508 ab
1043 1482 1187 1518 utraque
1212 1482 1310 1518 parte
1336 1476 1420 1508 dicti
1443 1477 1601 1516 fluminis,
1626 1484 1659 1508 et
1683 1478 1780 1520 quasi
1806 1478 1921 1510 omnia
1944 1478 2137 1516 inundavit,

291 1529 338 1560 ita
361 1529 453 1571 quod
478 1534 600 1571 gentes
620 1539 684 1570 per
714 1527 813 1559 villas
844 1538 913 1560 non
944 1535 1106 1570 poterant
1129 1535 1230 1568 stare,
1255 1540 1321 1561 nec
1348 1528 1505 1561 habitare
1528 1530 1565 1561 in
1590 1530 1747 1562 domibus
1772 1531 1851 1568 suis,
1875 1531 1976 1562 immo
2009 1531 2145 1563 stabant

289 1592 392 1623 super
416 1581 531 1613 trabes
550 1587 584 1613 et
599 1592 702 1622 super
719 1581 868 1613 culmina
887 1582 1077 1622 domorum,
1094 1582 1142 1614 ita
1158 1582 1252 1624 quod
1275 1582 1385 1614 maior
1408 1593 1487 1624 pars
1510 1582 1695 1615 bestiarum
1720 1590 1753 1615 et
1769 1584 1940 1625 pullorum
1956 1584 2142 1625 perierunt.

378 1635 422 1666 Et
446 1634 483 1665 in
507 1635 631 1666 eodem
663 1644 753 1666 anno
785 1634 851 1666 fuit
875 1634 1109 1667 habundantia
1140 1635 1287 1667 maxima
1310 1635 1392 1674 vini,
1424 1636 1600 1675 frumenti,
1625 1642 1658 1668 et
1687 1637 1829 1668 aliorum
1853 1636 2045 1675 bladorum,
2077 1648 2143 1680 que
2167 1637 2208 1670 25

291 1687 385 1730 quasi
410 1686 515 1718 nichil
538 1686 709 1719 valebant.

377 1740 511 1772 Eodem
542 1739 736 1772 millesimo.
761 1739 936 1773 Tebaldus
960 1741 1004 1772 de
1028 1740 1200 1773 Acarixiis
1224 1740 1267 1773 de
1292 1742 1459 1774 Faventia
1491 1742 1547 1774 die
1572 1752 1596 1773 Χ
1619 1743 1744 1774 mensis
1775 1743 1972 1776 novembris
2001 1743 2146 1775 tradidit

289 1793 460 1825 civitatem
483 1793 646 1824 Faventie
670 1792 868 1825 hominibus
884 1794 990 1835 partis
1006 1795 1177 1826 Ecclesie.
1226 1794 1343 1832 Quare
1367 1801 1490 1838 gentes
1505 1794 1674 1833 Bononie,
1691 1796 1827 1834 Ymole,
1852 1796 2033 1835 Ravenne,
2051 1801 2084 1828 et
2101 1797 2144 1828 de

288 1845 555 1889 Bagnacavasso,
579 1845 793 1878 intraverunt
816 1846 853 1877 in
870 1846 1043 1879 civitatem
1060 1847 1225 1879 Faventie
1250 1858 1327 1879 cum
1350 1848 1527 1887 militibus,
1544 1854 1579 1880 et
1601 1849 1739 1890 populis
1764 1849 1934 1881 dictarum
1952 1849 2126 1881 civitatum
2134 1861 2142 1886 ;

290 1906 324 1931 et
348 1900 393 1931 de
417 1899 513 1931 dicta
536 1899 675 1931 civitate
700 1905 830 1931 armata
858 1911 960 1931 manu
992 1900 1215 1942 expulserunt
1238 1907 1371 1943 partem
1396 1901 1619 1943 imperialem,
1651 1901 1786 1934 scilicet
1810 1902 2042 1934 Ghibellinos:
2076 1913 2142 1944 que
2166 1904 2210 1936 30

290 1952 409 1984 civitas
434 1952 547 1983 adhuc
564 1958 699 1984 tenetur
714 1963 775 1994 per
799 1953 954 1985 Guelfos.
988 1954 1032 1986 Et
1048 1960 1190 1995 propter
1206 1954 1273 1986 hoc
1297 1960 1447 1996 potestas
1470 1954 1606 1986 Mutine
1619 1955 1641 1994 3,
1665 1955 1770 1998 Regii
1781 1954 1805 1994 ⁴,
1828 1955 1950 1987 Parme
1964 1954 1985 1994 ⁵,
2004 1955 2143 1998 equi'ta-

288 2011 408 2037 verunt
431 2014 549 2037 omnes
574 2015 651 2037 cum
674 2011 746 2036 toto
770 2015 871 2046 posse
896 2006 932 2037 in
957 2006 1098 2038 servitio
1122 2006 1272 2045 illorum,
1304 2007 1362 2049 qui
1385 2007 1421 2038 in
1446 2007 1539 2039 dicta
1565 2007 1705 2040 civitate
1728 2008 1897 2041 Faventie
1929 2008 2144 2040 intraverant

286 2069 394 2101 usque
418 2059 464 2091 ad
487 2058 658 2098 Ymolam,
685 2064 718 2090 et
742 2058 789 2090 ibi
812 2065 982 2092 steterunt
1004 2070 1068 2102 per
1090 2060 1207 2101 plures
1231 2060 1306 2092 dies
1330 2066 1394 2092 etc.

1083 2155 1355 2199 MCCLXXXJ‚

374 2226 427 2257 De
450 2236 568 2258 mense
592 2225 773 2259 februarii.
819 2226 987 2259 Dominus
1012 2227 1164 2270 Symeon
1189 2227 1232 2259 de
1255 2227 1382 2259 Tursio
1407 2227 1451 2259 de
1476 2228 1625 2260 Francia
1649 2228 1846 2267 cardinalis,
1871 2229 2001 2261 electus
2026 2230 2091 2262 fuit
2106 2229 2141 2262 in
2167 2230 2206 2263 35

286 2290 422 2321 papam,
447 2285 482 2311 et
504 2285 646 2312 vocatus
669 2285 721 2312 est
743 2290 836 2322 papa
857 2280 1026 2312 Martinus
1043 2286 1183 2322 quartus
1196 2279 1216 2312 ⁶.

375 2332 509 2364 Eodem
532 2332 712 2365 millesimo
738 2333 794 2365 die
818 2332 995 2365 dominico
1019 2343 1072 2365 vn
1097 2339 1241 2366 exeunte
1265 2334 1391 2366 madio.
1438 2334 1517 2367 Fuit
1540 2345 1701 2379 magnum
1724 2335 1870 2377 prelium
1893 2336 1983 2368 inter
2005 2335 2142 2368 Medio-

288 2386 445 2417 lanenses
469 2396 512 2417 ex
534 2396 603 2417 una
625 2391 734 2427 parte,
760 2392 793 2418 et
816 2386 1063 2418 Laudanenses
1088 2396 1164 2418 cum
1188 2386 1257 2418 illis
1279 2386 1322 2418 de
1347 2387 1380 2418 la
1402 2387 1514 2419 Turre
1540 2399 1583 2419 ex
1606 2387 1723 2426 altera,
1747 2388 1838 2420 ultra
1855 2389 1981 2421 flumen
2003 2388 2083 2421 Ade
2106 2390 2142 2421 in

287 2444 442 2470 contrata
464 2438 595 2471 Vavari
607 2437 628 2470 ⁷.
675 2439 715 2470 In
739 2439 805 2471 fine
828 2439 1108 2472 Mediolanenses
1132 2439 1355 2473 obtinuerunt
1371 2450 1541 2483 campum.
1588 2441 1708 2483 Itaque
1726 2441 1769 2473 de
1793 2440 1860 2473 illis
1884 2442 1928 2474 de
1950 2441 2083 2482 Laude,
2107 2449 2142 2475 et

378 2559 418 2582 ¹9-
438 2551 511 2575 obiit
529 2559 578 2577 om.
597 2552 622 2575 B
641 2553 718 2577 Mun.
742 2566 772 2570 —
793 2558 834 2576 20.
854 2552 916 2582 dopo
937 2551 1045 2576 Viterbi
1060 2551 1137 2576 MUR.
1158 2558 1216 2582 agg.
1239 2553 1366 2576 mortuus
1386 2554 1428 2576 est
1442 2566 1474 2570 ·-—
1495 2559 1536 2576 22.
1557 2554 1635 2584 quasi
1656 2560 1703 2576 om.
1718 2553 1794 2577 Mun.
1817 2566 1849 2570 —
1871 2559 1913 2584 25.
1933 2553 2066 2586 maxima]
2080 2562 2139 2578 ma-

286 2600 341 2623 gna
370 2593 391 2615 [³
410 2593 485 2617 Mun.
506 2606 517 2611 -
536 2592 599 2625 que]
620 2593 696 2625 quod
714 2594 737 2616 A
765 2607 797 2610 —
825 2593 866 2617 26.
888 2593 998 2618 valebat
1016 2593 1040 2616 A
1062 2607 1093 2610 —
1114 2592 1156 2617 28.
1171 2592 1345 2625 horninibus]
1371 2593 1503 2618 hostibus
1523 2593 1598 2618 Mna.
1615 2608 1647 2611 —
1671 2600 1712 2625 29.
1732 2594 1846 2618 civitate
1865 2595 2025 2627 civitatem]
2046 2596 2140 2626 Mum-3

288 2636 359 2658 civit
377 2634 400 2657 A

378 2707 385 2723 ¹
406 2709 516 2741 Alpone
538 2709 620 2734 fiume
640 2710 711 2734 della
729 2709 879 2741 provincia
899 2709 929 2733 di
948 2709 1063 2734 Verona
1075 2708 1190 2733 chena-
1245 2709 1290 2733 nel
1316 2710 1439 2734 secondo
1462 2711 1595 2734 semestre
1616 2711 1683 2735 1280
1709 2710 1873 2742 (Jlemoriale
1892 2712 2050 2736 Potestatum
2071 2712 2140 2736 Rhe·
2173 2720 2205 2737 10

246 2758 258 2781 ζ
290 2757 333 2774 sce
352 2757 368 2774 a
386 2750 501 2774 libeccio
522 2751 552 2775 di
571 2751 717 2784 Valdagno
738 2751 771 2775 ed
789 2751 826 2775 ha
844 2751 907 2775 t'oce
927 2750 1094 2783 nell'Adige.
1241 2752 1375 2781 gimsium
1395 2751 1453 2774 ΕΚ.
1480 2752 1515 2775 II.
1537 2752 1598 2779 SS„
1617 2752 1692 2782 VIII,
1715 2753 1802 2784 1x46).

378 2790 388 2806 ²
408 2792 525 2817 Niccolo
544 2793 583 2816 ΙΙΙ
603 2793 676 2816 della
690 2792 817 2825 famiglia
837 2793 935 2818 Orsini
954 2790 1025 2816 mori
1038 2793 1058 2816 il
1071 2790 1098 2816 dl
1113 2799 1144 2816 22
1160 2792 1188 2816 di
1333 2791 1343 2807 ⁵
1360 2793 1540 2818 Manfredino
1554 2794 1590 2817 da
1603 2794 1742 2819 Sassuolo.
1763 2794 1808 2819 Cf.
1822 2794 1914 2825 Arri),
1927 2796 1980 2820 loc.
1991 2797 2047 2826 cit„
2059 2805 2083 2828 p.
2097 2803 2140 2827 4²·

290 2835 390 2864 agosto
414 2834 488 2858 1280,
1332 2832 1344 2848 ⁶
1363 2834 1477 2859 Simone
1492 2834 1519 2858 di
1534 2835 1598 2859 Brie
1612 2835 1753 2859 chiamato
1766 2836 1853 2861 anche
1867 2837 2031 2861 Turonense
2041 2836 2141 2870 perche

380 2873 390 2889 ³
411 2876 572 2906 Uguccione
593 2876 635 2899 de’
656 2876 817 2907 Sigisbuldi.
1244 2883 1289 2899 cm
1305 2876 1378 2899 stato
1398 2876 1536 2899 canonico
1556 2876 1625 2900 della
1638 2876 1734 2900 chiesa
1747 2876 1775 2900 di
1796 2885 1845 2901 san
1860 2878 1984 2902 Martino
1999 2878 2026 2901 di
2041 2879 2141 2903 Tours.

378 2916 387 2931 '¹
407 2917 499 2941 Rosso
519 2917 591 2941 dalla
611 2918 687 2942 Tosa
707 2917 742 2942 da
762 2918 878 2942 Firenze
897 2916 1014 2950 podest&
1034 2917 1059 2940 di
1078 2917 1187 2948 Reggio
1334 2916 1342 2931 7
1367 2917 1472 2949 Vaprio
1493 2917 1603 2942 d’Adda
1624 2925 1640 2942 a
1660 2919 1791 2943 ventotto
1810 2919 1951 2943 kilometri
1970 2920 2005 2944 da
2025 2920 2141 2944 Milano.
2173 2926 2201 2951 13
