2297 3476
153 386 172 400 c.
188 384 240 403 43⁴1}

109 1807 183 1827 Mun..
201 1806 239 1825 500

316 188 362 222 36
949 179 1259 216 CHRONICON
1287 177 1518 214 ESTENSE
1990 181 2039 215 [A.
2062 183 2153 214 12591

312 315 410 347 rabat
432 323 577 354 namque
601 321 705 342 unum
729 310 772 341 de
798 308 940 344 duobus,
969 307 1050 339 licet
1071 306 1202 338 inimici
1225 311 1355 338 starent
1378 315 1421 337 ex
1435 304 1592 344 adverso,
1610 310 1667 337 aut
1682 305 1772 336 viam
1788 304 1853 337 sibi
1869 304 1992 347 gladiis
2009 304 2155 346 aperire,

315 373 373 400 aut
396 367 485 397 forte
508 374 573 406 per
595 363 727 394 medias
750 360 844 393 acies
867 360 1070 392 bellatorum
1086 360 1169 402 fuge
1186 358 1376 390 remedium
1392 357 1569 390 invenire'.
1617 357 1702 389 Cum
1719 357 1822 401 igitur
1838 356 1883 389 ad
1898 363 2037 399 pontem
2053 356 2155 388 Adue

312 418 533 462 pervenisset,
557 416 686 447 invenit
710 414 822 455 ipsum
847 414 888 446 ab
914 412 1119 444 adversariis
1144 417 1364 453 occupatum3
1390 416 1424 442 et
1447 409 1528 442 dum
1552 411 1596 442 ad
1629 409 1892 452 expugnandum
1915 416 2054 452 pontem
2078 419 2156 441 suos

312 472 445 505 fortiter
470 474 647 507 ortaretur‚
671 467 810 510 quidam
834 466 1002 509 sagiptam
1026 464 1181 507 dirigens
1211 464 1247 495 in
1277 464 1457 502 incertum,
1489 474 1566 495 eum
1590 463 1627 494 in
1657 463 1748 504 pede
1780 463 1928 505 graviter
1955 462 2157 501 vulneravit,

314 535 381 568 qua
403 522 624 565 percussione
648 519 831 561 plurimum
856 525 907 550 est
930 518 1094 555 turbatus,
1108 523 1179 548 tum
1196 516 1276 559 quia
1299 517 1509 548 inveteratus
1526 521 1597 547 erat
1613 514 1747 546 dierum
1763 515 1960 554 malorum¹‚
1985 520 2055 546 tum
2079 515 2159 556 quia

312 579 349 609 in
372 582 465 609 tanto
489 573 643 616 periculo
670 572 869 604 constitutus
893 580 954 612 pre
979 569 1099 602 dolore
1122 569 1273 601 vulneris
1299 579 1368 600 non
1392 574 1527 610 poterat
1550 568 1715 610 cogitare,
1740 567 1824 609 quid
1847 573 1937 599 esset
1959 566 2158 609 expediens,

312 630 367 662 vel
391 627 474 671 quid
496 627 665 659 nocivum.
712 623 964 667 Inpugnatione
990 623 1106 665 itaque
1131 622 1246 664 pontis
1278 621 1426 659 dimissa,
1450 619 1696 653 tremebundus
1722 619 1908 659 homicida,
1931 620 2040 662 magis
2063 619 2157 662 cogi-

315 689 390 715 tans
415 681 457 713 de
482 680 564 722 fuge
587 677 738 720 presidio
767 688 869 719 quam
901 675 945 708 de
975 675 1050 707 acie
1083 673 1285 712 ordinanda,
1310 674 1514 706 festinanter
1546 673 1591 705 ad
1621 673 1746 704 vadum
1776 672 1922 704 fluminis
1952 672 2159 714 properavit,

312 736 490 778 ipsumque
513 731 691 768 velociter,
715 730 809 762 nullo
832 729 1054 771 impediente,
1078 738 1157 760 cum
1181 727 1338 759 exercitu
1360 726 1590 768 pertransivit.
1636 726 1738 757 Tunc
1761 724 1915 757 marchio
1942 724 2160 756 Pelavicinus

313 794 347 820 et
377 785 502 818 nobilis
525 784 620 816 Boxo
652 782 695 815 de
727 782 878 814 Dovaria
911 792 987 813 cum
1018 780 1324 819 Cremonensibus,
1356 779 1511 811 similiter
1541 778 1681 810 illustris
1712 777 1870 809 Marchio
1903 777 2046 809 estensis
2082 788 2158 810 cum

314 839 512 873 Mantuanis
539 844 574 870 et
589 838 616 868 F
619 836 865 868 errariensibus
888 836 1000 876 ipsum
1023 834 1167 866 viriliter
1190 833 1406 871 invaxerunt,
1424 832 1565 875 eiusque
1582 832 1694 864 aciem
1712 831 1934 863 fortissimam
1950 836 2160 872 rumpentes,

313 893 484 927 teribilem
509 891 644 923 leonem
669 900 748 921 cum
771 899 897 931 magno
928 888 1057 929 impetu
1072 892 1269 929 rapuerunt.
1316 886 1430 918 Electi
1447 891 1561 917 autem
1578 885 1704 916 milites
1721 884 1793 916 eius
1810 884 2021 916 multitudini
2039 882 2160 915 adver-

313 947 477 979 sariorum
500 944 660 977 resistere
682 953 751 974 non
783 942 944 979 valentes,
976 941 1011 972 in
1043 941 1160 983 fugam
1183 940 1337 981 protinus
1361 945 1439 971 sunt
1465 938 1623 970 conversi
1647 943 1681 970 et
1698 937 1746 969 sic
1767 947 1886 969 manus
1909 937 2058 969 hostium
2083 946 2162 968 eva-

313 1005 447 1032 xerunt.
493 999 665 1030 Auctores
700 1006 784 1028 vero
819 995 901 1037 fuge
925 994 1140 1038 Bryssienses
1163 993 1324 1025 dicuntur
1347 991 1585 1034 principaliter
1609 991 1770 1023 extitisse.
1816 990 1918 1022 Multi
1942 991 2043 1022 etiam
2068 990 2161 1032 capti

314 1059 391 1086 sunt
416 1053 458 1084 de
484 1051 590 1093 ipsius
615 1049 777 1088 exercitu,
793 1048 895 1090 pauci
919 1058 1000 1079 vero
1017 1047 1134 1091 gladio
1149 1047 1336 1088 pen'erunt.
1382 1046 1484 1077 Tunc
1501 1055 1624 1077 revera
1640 1045 1879 1076 exultaverunt
1893 1044 2044 1076 victores
2061 1049 2163 1085 capta

316 1105 435 1149 preda,
459 1105 620 1147 quoniam
644 1103 831 1135 electorum
857 1111 1028 1133 armorum
1053 1106 1087 1132 et
1120 1111 1284 1142 equorum
1317 1104 1351 1131 et
1382 1099 1531 1141 pretiose
1559 1098 1785 1140 supellectilis
1816 1097 1926 1138 spolia
1949 1096 2162 1128 dividebant.

316 1162 520 1201 Supremum
542 1167 625 1189 vero
655 1161 689 1188 et
720 1154 948 1187 inestimabile
972 1152 1134 1197 gaudium
1169 1159 1242 1185 erat
1273 1153 1418 1190 cunctis,
1444 1152 1538 1195 quod
1563 1151 1723 1183 carnifex
1754 1150 1912 1182 diabolus
1936 1156 2057 1192 captus
2080 1155 2163 1188 erat,

315 1214 373 1257 qui
396 1222 461 1244 nec
488 1211 570 1242 viris
601 1209 795 1253 grandevis,
821 1208 1020 1239 mulieribus
1046 1207 1147 1238 etiam
1179 1206 1438 1249 pregnantibus,
1471 1215 1534 1237 nec
1567 1204 1747 1236 infantulis
1778 1203 2056 1235 balbucientibus
2079 1213 2164 1234 nun-

315 1277 417 1309 quam
440 1264 548 1297 voluit
570 1262 734 1295 misereri.
780 1261 966 1303 Postquam
998 1266 1113 1292 autem
1143 1269 1262 1291 rumor
1291 1258 1441 1290 insonuit
1472 1267 1535 1299 per
1566 1257 1769 1296 exercitum,
1801 1255 1893 1299 quod
1925 1261 2043 1297 captus
2075 1261 2164 1288 esset

314 1319 465 1362 perfidus
489 1316 677 1353 Ecellinus,
703 1326 722 1346 a
744 1315 889 1346 vocibus
922 1313 1142 1345 clamantium
1174 1311 1390 1354 populorum,
1425 1321 1444 1342 a
1475 1310 1620 1352 strepitu
1653 1310 1915 1342 concurentium
1944 1319 2120 1352 equorum,
2144 1320 2164 1340 a

315 1383 399 1405 sono
426 1371 584 1403 tubarum
608 1375 700 1400 terra
723 1374 869 1399 tremere
893 1366 1092 1403 videbat-un
1112 1375 1229 1398 omnes
1246 1365 1374 1407 quippe
1393 1364 1551 1396 certatim
1569 1363 1756 1395 currebant
1772 1363 1816 1394 ad
1833 1362 1973 1406 dyaboli
1989 1368 2164 1400 mostrum,

315 1432 349 1458 et
373 1424 524 1457 Sathane
549 1421 782 1464 spectaculum
807 1419 1018 1452 intuendum.
1065 1419 1133 1451 Ista
1155 1419 1272 1460 itaque
1296 1417 1442 1449 victoria
1466 1416 1691 1458 triumphalis,
1706 1427 1726 1447 a
1750 1416 1884 1447 cunctis
1900 1415 2037 1457 populis
2053 1415 2166 1447 recol-

315 1477 427 1515 lenda,
453 1476 509 1508 die
532 1485 591 1507 1111
616 1480 764 1506 exeunte
790 1473 1006 1515 septembris,
1030 1472 1065 1503 in
1097 1481 1165 1514 quo
1189 1471 1314 1503 festum
1345 1470 1469 1502 Cosme
1495 1475 1529 1501 et
1559 1469 1720 1500 Damiani
1752 1469 1928 1501 martirum
1960 1468 2166 1505 celebratur,

316 1541 425 1574 prope
449 1529 587 1561 fluvium
612 1527 738 1559 Adue²
769 1532 820 1559 est
850 1532 995 1568 patrata.
1041 1524 1093 1556 Ibi
1124 1525 1301 1566 perierunt
1324 1534 1419 1555 arma
1450 1522 1577 1554 bellica
1600 1522 1761 1561 Ecellini,
1788 1521 1836 1553 ibi
1868 1521 2033 1554 bellorum
2064 1531 2167 1553 sceva

318 1589 510 1625 tempestas,
534 1582 674 1614 iubente
698 1581 857 1617 Domino,
882 1579 1091 1621 conquievit.
1138 1578 1239 1609 Tunc
1264 1576 1492 1618 Omnipotens
1508 1585 1609 1607 aures
1625 1585 1703 1607 suas
1726 1575 1915 1608 ineffabilis
1930 1573 2167 1606 misericordie

317 1636 507 1673 inclinavit,
531 1641 568 1667 ut
591 1634 725 1666 audiret
756 1633 902 1676 gemitus
934 1631 1206 1673 compeditorum
1231 1636 1266 1662 et
1296 1630 1383 1661 filios
1406 1629 1689 1670 interemptorum
1722 1628 1765 1659 ab
1790 1628 1969 1671 ergastulis
1993 1628 2166 1660 liberaret.

318 1690 380 1722 Pie
404 1688 573 1731 siquidem
598 1687 696 1719 istam
721 1685 963 1722 memorialem,
987 1685 1022 1715 in
1055 1695 1123 1726 qua
1147 1694 1228 1715 vere
1253 1683 1405 1714 celorum
1430 1687 1507 1713 sunt
1531 1687 1707 1713 cataracte
1731 1687 1851 1723 aperte
1881 1686 1915 1712 et
1946 1681 2081 1712 viscera
2105 1679 2168 1711 mi-

315 1741 505 1774 sericordie
530 1740 595 1771 Dei
618 1739 727 1771 nostri
750 1738 891 1781 largiter
914 1738 1127 1774 affluxerunt,
1152 1735 1258 1767 debet
1281 1735 1391 1767 omnis
1414 1734 1541 1772 Ytalia‚
1565 1743 1682 1777 ymmo
1704 1733 1868 1771 universi,
1894 1733 1953 1775 qui
1983 1732 2170 1764 christiana

317 1794 533 1838 professione
559 1791 760 1830 censentur:
785 1790 909 1822 merito
935 1789 1114 1827 celebrari,
1146 1789 1181 1819 in
1205 1799 1273 1831 qua
1295 1787 1464 1819 Dominus
1488 1792 1651 1829 operatus
1682 1792 1734 1818 est
1755 1786 1790 1818 in
1815 1785 1930 1817 medio
1957 1785 2168 1817 Lombardie

316 1849 470 1886 salutem,
497 1846 609 1888 capud
633 1845 799 1877 malorum
825 1855 902 1876 cum
927 1843 996 1875 suis
1019 1842 1220 1874 satellitibus
1244 1840 1450 1872 mirabiliter
1473 1838 1739 1881 prosternendo.
1785 1839 1886 1871 Tunc
1918 1848 2000 1871 vere
2027 1848 2168 1880 percus-

315 1902 360 1934 sit
383 1901 551 1933 Dominus
576 1898 814 1933 detestabilem
838 1897 1065 1940 Phylysteum
1089 1901 1123 1927 et
1145 1894 1287 1927 abstulit
1315 1893 1539 1936 obprobrium
1563 1892 1826 1935 grandissimum
1852 1893 1896 1924 de
1926 1892 2054 1934 populo
2079 1891 2168 1924 chri-

317 1955 437 1987 stiano.
485 1954 529 1985 Et
552 1953 636 1984 licet
657 1952 773 1983 David
796 1950 1023 1993 prohibuerit,
1046 1959 1090 1980 ne
1122 1947 1235 1980 Saulis
1266 1953 1300 1979 et
1330 1947 1476 1989 Jonathe
1501 1946 1630 1978 occisio
1662 1945 1923 1977 adnuntiaretur
1953 1945 1990 1976 in
2021 1944 2113 1976 Geth
2136 1949 2169 1976 et

316 2009 351 2040 in
374 2007 534 2048 compitis
557 2004 773 2043 Ascalonis³,
798 2014 937 2036 causam
961 2009 1075 2035 tamen
1106 2000 1347 2033 rationabilem
1372 1998 1570 2042 assignavit,
1602 2008 1645 2030 ne
1676 1998 1812 2030 scilicet
1835 1997 2069 2029 Filistinorum
2098 1996 2168 2028 filie

317 2062 506 2093 letarentur
530 2065 565 2091 et
595 2063 781 2101 augeretur
807 2057 919 2089 cultus
949 2054 1216 2088 abhominabilis
1244 2053 1437 2097 ydolorum.
1485 2053 1645 2095 Stragem
1672 2058 1788 2084 tamen
1820 2051 1992 2083 exercitus
2023 2050 2169 2082 Ecellini

317 2113 432 2146 audiat
465 2113 575 2144 omnis
606 2117 700 2144 terra
732 2116 766 2142 et
796 2110 975 2152 plenitudo
1009 2109 1091 2148 eius,
1124 2107 1233 2140 insule
1267 2113 1301 2139 et
1332 2106 1566 2139 habitationes
1601 2116 1729 2144 earum,
1765 2110 1802 2136 ut
1833 2104 1948 2136 divine
1984 2103 2169 2135 maiestatis

317 2166 472 2209 potentia
494 2166 622 2208 ubique
647 2174 706 2196 ore
731 2164 881 2196 omnium
904 2162 1121 2204 predicetur3
1140 2161 1195 2192 cui
1218 2160 1365 2193 victoria
1387 2159 1453 2191 ista
1477 2165 1527 2191 est
1549 2158 1700 2191 totaliter
1723 2157 1937 2194 ascribenda,
1955 2167 2024 2188 non
2040 2155 2170 2187 viribus

318 2220 505 2258 hominum,
529 2224 587 2250 aut
611 2216 794 2250 effectibus
817 2217 1042 2258 planetorum.
1091 2214 1207 2252 Quare
1231 2224 1301 2245 non
1333 2213 1549 2244 salvaverunt
1581 2212 1624 2243 de
1655 2217 1753 2243 tanto
1784 2210 1941 2252 periculo
1973 2208 2168 2241 Ecellinum

316 2284 463 2317 augures
495 2272 572 2310 celi,
600 2277 712 2303 castra
736 2271 808 2302 eius
832 2275 1025 2311 sequentes,
1049 2268 1108 2310 qui
1133 2266 1457 2308 contemplabantur
1479 2265 1605 2309 sydera
1633 2271 1667 2296 et
1696 2263 1929 2306 supputabant
1959 2272 2102 2301 menseS,
2132 2268 2170 2294 ut

319 2327 352 2358 ei
375 2332 541 2358 venetura
572 2324 762 2357 certissime
793 2322 1008 2354 nunciarent.
1055 2320 1116 2353 Set
1144 2331 1267 2352 revera
1297 2319 1509 2361 parcendum
1541 2317 1604 2350 est'
1636 2317 1695 2355 eis,
1728 2317 1808 2359 quia
1823 2315 2025 2359 gravissimo
2056 2314 2167 2357 prelio

319 2380 495 2418 iminente,
520 2378 694 2421 adequare
717 2377 885 2419 planetos,
910 2374 1073 2417 accipere
1098 2373 1321 2406 astrolabium
1352 2378 1387 2404 et
1410 2370 1548 2404 studere
1580 2371 1615 2402 in
1647 2369 1773 2402 tabulis
1804 2368 1998 2401 astrolomie
2029 2367 2169 2400 minime

407 2516 430 2540 4.
450 2508 570 2540 quedam
589 2507 736 2539 sagiptaA
755 2520 786 2523 --
806 2505 830 2530 6.
852 2504 909 2538 pre]
924 2511 974 2537 pro
988 2504 1011 2528 A
1030 2517 1063 2521 ——-
1085 2504 1108 2529 S.
1129 2502 1287 2527 ordinanda
1308 2502 1385 2526 MUR.
1406 2502 1502 2531 ANN.3
1523 2499 1658 2525 ordinata
1671 2500 1694 2523 A
1716 2513 1748 2517 -
1770 2505 1811 2522 11.
1831 2499 1961 2530 rupentes
1980 2497 2003 2520 A
2023 2510 2054 2514 —-
2077 2503 2117 2528 13.
2137 2496 2168 2520 in

320 2553 384 2583 suga
402 2551 425 2573 A
445 2563 477 2567 —
499 2557 538 2581 14.
559 2549 602 2573 nel
619 2550 738 2580 margine
757 2548 862 2570 sinistra
881 2547 911 2569 di
931 2546 954 2570 A
972 2547 997 2569 si
1020 2546 1092 2577 legge
1119 2544 1187 2567 della
1207 2547 1284 2567 stessa
1304 2551 1379 2567 mano
1404 2543 1448 2567 che
1468 2544 1538 2574 copi«)
1558 2545 1624 2566 tutto
1653 2541 1674 2565 il
1698 2541 1766 2564 cod:
1787 2539 1894 2572 Captus
1919 2540 1960 2563 est
1984 2538 2018 2563 ab
2041 2538 2166 2562 inimicis

319 2595 345 2617 et
366 2593 526 2617 vulneratus
545 2591 664 2625 perfidus
677 2592 705 2614 et
718 2588 924 2614 crudelissimus
938 2590 964 2612 et
979 2587 1126 2611 ordinator
1145 2594 1178 2610 ac
1196 2585 1288 2610 factor
1307 2585 1434 2610 omnium
1455 2585 1589 2609 malorum
1609 2583 1745 2608 Ecellinus
1766 2595 1798 2599 —-
1820 2587 1860 2613 15.
1880 2581 2074 2605 exaltaverunt
2092 2579 2116 2602 A
2135 2593 2167 2596 —

325 2635 363 2660 16.
384 2632 515 2668 pretiose]
536 2633 653 2665 predone
671 2632 695 2655 A
715 2645 746 2648 —
770 2632 811 2656 18.
830 2630 982 2664 grandenis
1002 2630 1026 2653 A
1045 2642 1076 2646 -
1097 2635 1140 2660 23.
1159 2629 1234 2653 11110‘
1258 2628 1282 2651 A
1309 2642 1340 2645 ——
1366 2634 1407 2658 24.
1428 2628 1539 2659 patrata
1559 2626 1630 2658 lcgge
1649 2625 1672 2648 il
1689 2625 1767 2649 Mun.
1789 2624 1857 2656 cogli
1873 2624 1967 2651 ANN.;
1994 2629 2041 2645 om.
2066 2622 2090 2645 A
2108 2622 2134 2644 B
2158 2634 2169 2639 -

278 2685 292 2708 5
311 2677 334 2700 A
352 2678 414 2707 dopo
433 2677 474 2700 est
493 2676 527 2698 luz
546 2683 599 2698 una
619 2674 731 2701 lacuna:
750 2674 776 2696 B
794 2674 879 2696 invece
897 2673 979 2695 scrz've
998 2671 1026 2696 di
1045 2672 1147 2701 seguito
1167 2670 1206 2694 ibi
1227 2683 1260 2687 —
1281 2674 1323 2700 27.
1343 2670 1374 2693 in
1394 2676 1448 2700 qua
1471 2667 1546 2699 vere]
1565 2668 1598 2692 in
1617 2673 1680 2691 vere
1698 2667 1722 2690 A
1742 2680 1774 2683 —
1794 2665 1837 2691 28.
1849 2665 1967 2697 largitur
1984 2664 2008 2687 A
2028 2676 2040 2681 -
2059 2663 2169 2688 affluxe-

321 2720 387 2743 runt
406 2726 453 2742 om.
471 2718 494 2740 A
517 2730 549 2734 -
568 2723 610 2746 29·
630 2716 769 2740 celebrare
789 2715 866 2739 MUR.
887 2727 919 2731 —
941 2719 981 2744 32.
1004 2711 1233 2743 adnuntiat-etur]
1256 2711 1473 2736 denunciaretur
1492 2711 1517 2733 B
1537 2709 1612 2734 Mun.
1637 2723 1666 2726 —
1688 2716 1730 2740 34.
1749 2708 1919 2739 augerentur
1937 2706 1960 2730 A
1974 2719 2007 2723 —
2021 2706 2062 2736 38.
2082 2712 2167 2736 augu-

321 2767 367 2784 ros
379 2760 402 2783 A
423 2772 434 2777 —
455 2759 668 2790 subpuntabant
686 2758 709 2782 A

412 2845 420 2861 ¹
441 2847 565 2876 DANOEL,
586 2845 663 2876 XIII,
684 2849 726 2876 52.
1273 2841 1357 2865 Melzi
1377 2840 1488 2871 (S1Lv10
1512 2838 1610 2867 Mnus,
1635 2838 1723 2861 storia
1743 2837 1772 2859 di
1790 2835 1908 2859 Eat-{mo
1929 2834 1974 2858 IV
1987 2835 2021 2857 da
2039 2834 2166 2860 Romano,

410 2886 420 2903 2
439 2888 567 2912 Ezzelino
593 2887 623 2911 fu
648 2886 723 2911 fatto
750 2886 924 2919 prigloniero
949 2892 965 2909 a
992 2882 1175 2908 Blancanuda
1200 2890 1217 2907 ο
1273 2881 1449 2910 Maddaloni,
1473 2878 1547 2910 1876,
1568 2887 1593 2911 p.
1614 2877 1686 2911 254).

264 2938 296 2955 ῐο
325 2931 499 2963 Blancanuge
518 2937 613 2964 presso
633 2929 760 2954 Cassano
786 2927 829 2952 nel
847 2934 966 2952 comune
984 2925 1013 2950 di
1031 2926 1152 2951 Maesarl
1176 2924 1218 2950 de'
1362 2923 1373 2940 ³
1393 2923 1470 2954 Reg„
1490 2921 1524 2952 Π,
1548 2918 1571 2952 l,
1590 2925 1626 2945 20.

2188 777 2225 808 10

2191 1042 2227 1074 15

2188 1310 2229 1340 20

2192 1838 2233 1870 30

2193 2100 2233 2135 35

2193 2367 2234 2398 40
