2297 3476
111 420 184 440 Mun„
200 418 238 438 315

109 2535 183 2555 xli-n.
200 2537 238 2556 ³72

278 2840 290 2865 5

318 170 366 205 80
952 166 1266 202 CHRONICON
1295 165 1526 200 ESTENSE
1856 171 1939 205 [AA.
1961 173 2156 205 ιδῃ-1312]

312 300 422 344 ganis,
447 298 575 330 balistis
599 303 632 329 et
647 296 722 328 aliis
736 296 910 333 hedifitiis,
935 301 968 327 et
993 294 1146 338 quolibet
1164 295 1222 326 die
1239 294 1335 326 ibant
1359 300 1456 325 extra
1480 293 1657 325 civitatem
1682 295 1726 326 ad
1750 295 1877 327 bellum
1893 306 1969 327 cum
1994 296 2156 334 inimicis,

313 360 346 385 et
369 353 419 385 sic
434 357 554 394 gentes
569 349 740 382 exercitus
764 358 828 380 non
854 348 1107 390 permictebant
1130 347 1364 389 requiescere.
1411 347 1457 378 Et
1480 347 1507 378 si
1532 346 1624 378 cives
1648 347 1797 378 civitatis
1820 347 1952 391 aliquos
1976 349 2157 390 capiebant

315 407 357 437 de
381 405 449 437 illis
473 403 652 441 exercitus,
676 402 834 434 assabant
857 411 985 438 omnes,
1011 406 1045 432 et
1069 400 1315 435 comedebant3
1348 404 1382 430 et
1407 410 1488 441 pro.
1503 424 1510 431 .
1525 423 1555 431 ..
1588 410 1655 430 una
1687 400 1743 431 die
1775 400 1830 431 vel
1858 407 1960 433 nocte
1989 401 2155 433 do'minus

313 458 489 490 Tebaldus
512 455 555 487 de
580 454 737 487 Bruxatis
761 454 882 486 nobilis
906 454 991 485 civis
1015 454 1163 496 Bryssye
1188 458 1308 494 captus
1336 452 1404 483 fuit
1427 463 1447 483 a
1472 452 1631 494 gentibus
1659 451 1891 493 imperatoris;
1917 454 1974 496 qui
1999 454 2156 486 dominus

313 513 501 553 Imperator
524 509 609 540 fecit
633 509 744 550 ipsum
769 507 879 539 dividi
903 508 939 538 in
957 512 1103 549 quatuor
1126 511 1258 547 partes;
1284 505 1440 547 quelibet
1464 515 1543 546 pars
1568 505 1654 537 fecit
1678 505 1760 547 poni
1782 506 1817 536 in
1843 506 1956 547 capite
1981 506 2157 538 cuiusdam

314 574 435 606 magne
460 562 618 603 colupne.
667 559 819 597 Quidam
843 560 954 591 frater
977 559 1107 591 domini
1125 558 1346 600 Imperatoris
1369 564 1523 589 mortuus
1540 558 1606 589 fuit
1630 569 1650 589 a
1675 558 1821 600 quodam
1847 559 1889 590 de
1914 558 2053 591 civitate
2079 570 2156 591 cum

314 627 382 649 uno
406 615 557 653 balistro,
582 619 616 645 et
640 613 779 656 quidam
803 623 911 654 nepos
934 612 1017 644 dicti
1034 610 1274 654 Imperatoris'
1301 616 1421 652 captus
1438 611 1541 642 suita
1559 611 1703 650 civibus,
1722 617 1756 642 et
1772 617 1980 649 assaverunt,
2007 617 2039 643 et
2063 622 2156 644 com-

313 670 495 701 mederunt
519 678 605 700 eum.
652 666 834 698 Venerunt
857 671 973 698 autem
996 672 1066 696 tres
1090 663 1305 696 cardinales¹
1324 664 1365 695 de
1393 663 1557 695 Avinioni
1581 663 1616 694 in
1640 663 1885 696 Lombardiam
1909 674 1951 696 ex
1974 671 2071 706 parte
2097 666 2157 696 do-

313 722 395 753 mini
418 732 507 764 pape
532 721 577 752 ad
610 719 797 751 exercitum
822 718 954 750 domini
978 717 1202 759 Imperatoris
1227 717 1272 749 ad
1295 717 1511 749 tractandum
1536 727 1657 758 pacem
1683 723 1715 748 et
1748 718 1983 749 concordiam.
2030 718 2068 749 In
2093 718 2159 749 fine

315 779 554 816 operaverunt,
579 773 673 816 quod
696 771 844 804 Brexani
872 777 1039 803 venerunt
1063 771 1108 802 ad
1131 775 1299 812 precepta
1331 770 1461 801 domini
1490 770 1712 811 Imperatoris
1744 780 1821 801 cum
1846 769 1905 800 tali
1928 776 2041 811 pacto,
2066 771 2159 812 quod

313 834 411 870 porte
435 827 527 859 dicte
553 826 712 863 civitatis,
737 831 770 856 et
794 835 908 856 murus
941 824 1180 866 explanaretur
1210 833 1272 865 per
1304 829 1354 854 tot
1377 823 1535 864 spatium,
1561 822 1654 864 quod
1681 823 1837 854 dominus
1865 823 2054 864 Imperator
2079 833 2157 855 cum

315 880 472 912 omnibus
495 880 564 912 suis
587 885 703 920 posset
727 878 855 909 intrare
880 877 1066 915 civitatem,
1091 882 1125 909 et
1149 876 1196 908 sic
1221 877 1351 908 factum
1384 876 1460 913 fuit,
1485 881 1519 907 et
1543 875 1682 907 intravit
1707 875 1892 913 civitatem,
1917 876 1974 908 ubi
1998 876 2089 907 stetit
2114 878 2159 908 ad

315 944 410 964 suum
434 932 698 974 beneplacitum.
745 931 887 962 Interim
913 930 1037 962 direxit
1052 929 1171 961 Padue
1189 929 1360 967 nuncium,
1377 929 1471 971 quod
1494 929 1587 960 cives
1611 927 1730 960 Padue
1755 929 1923 960 offerrent
1948 929 1979 960 ei
2003 932 2043 960 cm
2059 929 2159 961 flore-

313 997 374 1018 nos
391 986 474 1017 auri.
519 986 565 1017 Et
587 995 674 1016 uxor
698 983 829 1016 domini
846 983 1078 1025 Imperatoris,
1095 982 1230 1014 scilicet
1247 982 1385 1013 domina
1402 982 1606 1023 Imperatrix
1619 981 1640 1019 ²,
1662 981 1762 1012 etiam
1782 981 1908 1013 direxit
1923 981 2080 1014 Paduam
2095 992 2158 1023 pro

312 1043 354 1071 Lm
377 1038 523 1077 florenis,
549 1043 582 1069 et
606 1038 633 1069 si
657 1038 725 1068 hoc
749 1047 818 1067 non
843 1036 1011 1073 facerent,
1044 1041 1157 1066 essent
1181 1035 1215 1065 in
1247 1034 1460 1066 contumatia
1484 1034 1570 1065 dicti
1599 1034 1831 1075 Imperatoris.
1878 1033 2035 1066 Paduani
2066 1044 2158 1073 vero,

314 1092 506 1134 cogitantes
529 1091 618 1122 mala
649 1096 682 1122 et
706 1090 855 1130 dampna
887 1099 953 1131 que
981 1089 1170 1130 Imperator
1204 1087 1418 1119 commiserat
1444 1092 1563 1118 contra
1588 1086 1839 1119 Cremonenses
1871 1093 1904 1118 et
1931 1087 2159 1130 Bryssienses‚

314 1144 589 1177 deliberaverunt
605 1142 668 1175 sibi
686 1143 760 1174 dari
785 1142 895 1174 dictos
919 1141 1089 1179 denarios,
1114 1147 1297 1183 antequam
1322 1140 1431 1181 recipi
1456 1140 1584 1172 vellent
1609 1140 1759 1181 dapnum
1783 1139 1827 1171 ab
1851 1140 2072 1181 Imperatore.
2115 1140 2160 1172 Et

314 1198 362 1229 sic
385 1198 555 1229 mixerunt
579 1197 609 1228 ei
633 1195 814 1237 pecuniam
838 1195 927 1226 male
950 1194 1105 1226 libenter.
1153 1194 1254 1225 Tunc
1279 1193 1435 1224 dominus
1459 1193 1650 1234 Imperator
1675 1192 1816 1224 recessit
1842 1193 1884 1224 de
1911 1193 2059 1236 Bryssya
2084 1204 2161 1225 cum

314 1250 478 1288 exercitu,
496 1256 530 1282 et
547 1249 609 1280 ivit
632 1247 866 1280 Mediolanum
892 1257 995 1279 causa
1019 1247 1124 1279 eundi
1148 1247 1297 1278 Romam
1322 1256 1398 1277 cum
1424 1245 1604 1277 antedictis
1629 1245 1880 1282 cardinalibus;
1906 1251 1939 1277 et
1955 1246 2065 1287 primo
2082 1256 2160 1288 per-

313 1304 407 1335 venit
430 1303 583 1341 Ianuam‚
607 1301 665 1334 ubi
689 1301 824 1343 recepit
839 1300 1007 1332 honorem
1024 1300 1209 1331 maximum
1234 1310 1253 1331 a
1274 1298 1410 1331 civibus
1434 1299 1550 1330 Ianue.
1597 1299 1698 1330 Tunc
1723 1298 1883 1330 dominus
1908 1299 2093 1331 Ghibertus
2117 1300 2160 1331 de

314 1356 457 1398 Corigia
480 1355 650 1388 contraxit
673 1355 777 1396 ligam
809 1365 885 1386 cum
918 1353 1137 1391 Florentinis,
1163 1352 1326 1390 Sanesiis,
1355 1352 1552 1390 Luchexiis,
1577 1351 1852 1383 Bononiensibus
1884 1358 1918 1383 et
1945 1352 2103 1395 Reginis;
2129 1358 2162 1384 et

314 1409 474 1441 rebellari
498 1409 657 1440 fecerunt
674 1407 849 1440 civitatem
873 1406 999 1438 Parme
1025 1412 1145 1438 contra
1168 1405 1366 1447 Imperium,
1391 1410 1425 1436 et
1440 1405 1645 1446 inceperunt
1668 1405 1852 1435 maximam
1876 1415 2018 1447 gueram
2041 1411 2163 1437 contra

313 1460 483 1492 civitatem
502 1459 682 1496 Cremone,
701 1464 736 1490 et
761 1458 983 1499 expulserunt
999 1458 1175 1494 vicarium,
1193 1457 1252 1499 qui
1270 1462 1342 1488 erat
1367 1456 1402 1486 in
1426 1456 1551 1488 Parma
1574 1465 1636 1497 pro
1661 1456 1880 1496 imperatore,
1898 1455 1957 1498 qui
1975 1455 2163 1488 vocabatur

314 1512 470 1545 dominus
486 1514 514 1544 F
516 1512 658 1544 alconus
682 1512 726 1542 de
749 1511 863 1542 Roma
876 1510 897 1542 ³.
945 1510 1067 1542 Dictus
1090 1510 1280 1552 imperator
1302 1509 1445 1541 recessit
1470 1509 1513 1540 de
1538 1509 1653 1546 Ianua,
1679 1514 1713 1540 et
1729 1508 1792 1540 ivit
1814 1508 1928 1546 Pixas,
1951 1508 2009 1540 ubi
2032 1519 2161 1540 moram

314 1563 420 1595 traxit
444 1574 506 1605 per
529 1564 669 1605 longum
693 1568 825 1603 tempus
850 1567 915 1593 ete.

401 1617 533 1648 Eodem
556 1615 744 1653 millesimo,
769 1614 812 1646 de
835 1624 952 1645 mense
970 1614 1108 1656 apriles.
1145 1613 1302 1645 Paduani
1320 1613 1512 1644 afflixerunt
1529 1612 1737 1651 Vicenfiam,
1755 1623 1856 1654 quam
1872 1612 1991 1644 habuit
2007 1612 2163 1644 dominus

311 1669 415 1701 Canis
439 1668 482 1700 de
506 1669 539 1700 la
564 1668 666 1700 Scala
690 1678 767 1699 cum
792 1667 927 1698 nunciis
953 1667 1082 1698 domini
1106 1666 1324 1708 imperatoris
1350 1671 1383 1697 et
1416 1665 1491 1696 aliis
1516 1665 1721 1707 sequacibus
1749 1675 1812 1706 pro
1845 1665 2050 1697 tradimento
2078 1675 2161 1707 quo-

314 1722 471 1754 rumdam
496 1722 633 1754 civium.
679 1721 781 1752 Tunc
805 1730 931 1762 guerra
955 1720 1093 1761 incepta
1119 1726 1169 1751 est
1193 1719 1281 1750 inter
1307 1729 1454 1750 comune
1479 1718 1598 1749 Padue
1625 1723 1658 1749 et
1684 1718 1860 1749 dominum
1885 1718 2015 1749 Canem
2041 1724 2106 1750 ete.

1130 1825 1314 1858 Moccxi
1316 1826 1347 1869 J.

403 1910 568 1941 Dominus
591 1910 782 1952 Imperator
805 1908 946 1940 recessit
970 1909 1013 1939 de
1038 1908 1177 1939 civitate
1201 1907 1374 1944 Firmi-um,
1392 1913 1427 1938 et
1443 1907 1504 1938 ivit
1521 1906 1678 1944 Romam,
1693 1906 1750 1937 ubi
1769 1905 2000 1938 interfuerunt
2022 1906 2165 1937 Floren—

314 1961 388 1998 tini,
412 1961 621 1998 Luchenses,
648 1961 831 1998 Senenses,
856 1959 1025 1990 Peruxini
1048 1964 1083 1990 et
1106 1968 1224 1990 omnes
1249 1959 1292 1990 de
1316 1958 1386 2000 liga
1410 1957 1689 1989 Florentinorum
1714 1956 1747 1987 iu
1773 1956 1915 1988 civitate
1948 1957 2062 1988 Rome
2087 1968 2164 1988 cum

314 2014 447 2046 Ursinis
471 2015 514 2046 de
538 2015 652 2046 Roma
676 2014 719 2045 ad
745 2013 1065 2051 contradicendum,
1090 2021 1134 2043 ne
1159 2011 1316 2044 dominus
1341 2012 1532 2052 Imperator
1557 2016 1781 2042 coronaretur
1811 2010 1848 2041 in
1881 2010 2028 2042 ecclesia
2057 2010 2165 2042 sancti

315 2067 420 2099 Petri.
468 2066 538 2104 Qui
562 2067 679 2099 Ursini
703 2078 780 2098 cum
805 2067 874 2098 suis
898 2065 1101 2098 obtinebant
1124 2065 1282 2097 Castrum
1306 2065 1415 2096 sancti
1440 2063 1577 2107 Angeli‚
1603 2071 1637 2095 et
1655 2063 1820 2095 Sanctum
1837 2063 1977 2095 Petrum
1995 2063 2088 2095 circa
2104 2063 2165 2094 flu-

315 2128 392 2148 men
417 2118 564 2150 Tiberis.
608 2118 729 2150 Dictus
746 2117 906 2150 dominus
929 2117 1120 2158 Imperator
1145 2126 1221 2147 cum
1246 2115 1312 2146 illis
1337 2116 1381 2146 de
1405 2115 1565 2156 Colupna
1590 2120 1624 2146 et
1647 2114 1723 2146 aliis
1740 2114 1944 2156 sequacibus
1968 2113 2166 2145 morabatur

314 2171 359 2202 ad
384 2170 547 2202 Sanctum
580 2171 770 2213 Johannem
794 2171 1012 2202 Lateranum.
1060 2168 1236 2201 Continuo
1268 2169 1312 2199 ad
1344 2168 1490 2200 invicem
1523 2167 1712 2209 preliantur
1741 2167 1775 2197 in
1807 2167 2035 2208 Campodolio
2068 2171 2102 2198 et
2128 2166 2165 2197 in

315 2223 390 2254 aliis
414 2224 501 2255 locis
524 2234 588 2266 per
611 2224 784 2255 civitatem
809 2224 938 2260 Rome3
964 2229 997 2254 et
1021 2233 1063 2253 ex
1086 2227 1231 2263 utraque
1255 2227 1353 2263 parte
1378 2221 1515 2258 mortui,
1543 2221 1647 2261 capti,
1673 2220 1843 2251 vulnerati
1867 2220 2016 2251 fuerunt.
2062 2219 2107 2251 Et
2129 2219 2165 2250 in

314 2273 379 2305 illis
402 2275 613 2316 temporibus
637 2275 819 2306 maximum
845 2285 960 2306 carum
985 2273 1061 2310 fuit,
1086 2273 1133 2304 ita
1157 2272 1251 2314 quod
1275 2271 1537 2313 reperiebantur
1567 2277 1688 2313 gentes
1720 2276 1754 2302 et
1785 2270 1943 2302 homines
1974 2269 2100 2301 mortui
2131 2270 2165 2300 in

316 2325 486 2363 domibus,
511 2325 545 2356 in
568 2324 648 2357 viis.'
688 2324 837 2357 Valebat
853 2331 965 2355 autem
981 2324 1105 2355 starius
1128 2323 1292 2354 frumenti
1310 2322 1438 2354 solidos
1464 2332 1510 2353 XL
1536 2321 1715 2363 imperial„
1733 2321 1881 2352 suricum
1898 2321 2029 2352 solidos
2044 2330 2165 2359 xxnn,

315 2375 429 2406 vinum
453 2375 581 2408 solidos
605 2385 681 2407 xxx
713 2382 746 2407 et
776 2375 904 2407 solidos
928 2385 985 2406 XL.
1033 2375 1133 2405 Tunc
1158 2379 1247 2406 totus
1275 2373 1423 2405 mundus
1456 2374 1491 2404 in
1525 2372 1728 2414 coruptione
1761 2371 1891 2413 positus
1923 2377 1996 2402 erat
2025 2376 2166 2412 propter

314 2435 481 2467 guerram.
528 2427 628 2458 Tunc
654 2427 809 2459 dominus
832 2426 1023 2467 Imperator
1047 2430 1167 2456 contra
1189 2424 1401 2465 voluptatem
1427 2423 1579 2455 omnium
1603 2423 1818 2454 inimicorum
1851 2422 1923 2453 eius
1954 2422 1990 2453 in
2018 2421 2166 2453 ecclesia

316 2477 424 2508 sancti
447 2477 541 2508 Petri
566 2483 750 2509 coronatus
773 2477 839 2508 tuit
853 2476 874 2508 ⁴.

405 2528 541 2559 Eodem
565 2528 755 2560 millesimo.
803 2527 891 2560 Cum
916 2526 1086 2558 dominus'
1104 2527 1299 2568 Imperator
1317 2525 1383 2557 fuit
1400 2531 1586 2557 coronatus
1608 2530 1646 2556 ut
1670 2535 1783 2565 supra,
1808 2533 1885 2555 cum
1910 2529 1982 2555 toto
2007 2522 2163 2555 exercitu

405 2645 429 2669 3.
449 2640 511 2670 dopo
530 2647 582 2671 pro
602 2640 695 2663 lacuna
715 2640 775 2663 ΑΒ
794 2640 870 2664 Mmz.
896 2654 925 2657 —
946 2638 970 2663 6.
990 2639 1103 2670 quidem
1122 2638 1146 2661 A
1168 2651 1199 2656 —
1220 2642 1244 2668 7.
1264 2637 1377 2669 quidem
1398 2637 1421 2660 A
1443 2649 1475 2654 —-
1499 2643 1538 2661 11.
1564 2636 1762 2669 explanaretur
1787 2642 1838 2667 per
1861 2634 1919 2666 tot]
1945 2634 2164 2667 explanarentur

317 2688 366 2712 per
384 2682 495 2705 tantum
516 2682 591 2705 Mun.
614 2695 644 2699 -
668 2686 707 2712 17.
728 2681 825 2713 recipi]
846 2681 970 2713 recipere
988 2681 1064 2705 MUR.
1088 2693 1119 2696 —
1141 2686 1183 2703 22.
1204 2679 1334 2703 rebellare
1354 2678 1429 2703 MUR.
1452 2693 1484 2696 —
1512 2677 1552 2703 26.
1574 2678 1666 2709 prima
1689 2677 1870 2701 admixerunt
1885 2678 1934 2708 poi
1950 2676 2080 2699 raschiato
2099 2675 2117 2698 d
2136 2676 2164 2698 in

317 2722 340 2744 Α
361 2736 392 2739 -
413 2730 456 2754 31.
475 2723 590 2748 Seneses
608 2724 632 2747 A
660 2737 692 2740 —
717 2731 760 2755 34.
780 2723 891 2747 Tiberis
912 2723 945 2746 da
964 2722 1058 2751 MuR.;
1078 2723 1107 2744 in
1121 2715 1144 2745 A
1165 2721 1259 2744 lacuna
1281 2734 1313 2737 —-
1334 2726 1376 2752 33.
1397 2720 1589 2752 preliabantur
1608 2721 1685 2744 Mun.
1708 2732 1739 2735 —
1760 2719 1801 2749 38.
1821 2717 1923 2749 xxxin]
1943 2724 2015 2742 xxn(
2035 2717 2111 2742 Mun.
2133 2730 2166 2734 -

320 2769 361 2795 39.
382 2765 487 2788 solidos
506 2774 552 2790 om.
574 2766 650 2790 NIUR.

411 2836 417 2851 ¹
438 2838 588 2862 Leonardo
613 2838 744 2862 Patrasso
772 2844 890 2861 vescovo
916 2837 1072 2865 d’Albano,
1099 2833 1224 2862 Niccolb,
1359 2833 1369 2849 ³
1388 2834 1508 2858 Falcone
1527 2833 1556 2857 di
1575 2833 1670 2857 Pietro
1692 2832 1763 2864 degli
1778 2831 1871 2856 Enrici
1892 2832 1927 2855 da
1945 2831 2044 2855 Roma.
2079 2828 2168 2859 AFFE),

323 2878 437 2903 Alberto
457 2878 491 2902 da
509 2879 595 2903 Prato
618 2886 735 2904 vescovo
755 2878 864 2903 d'Ostia
884 2886 898 2902 e
919 2879 994 2902 Luca
1015 2878 1059 2901 dal
1080 2878 1186 2901 FIesco.
1272 2879 1310 2907 op.
1330 2877 1386 2902 cil„
1408 2875 1453 2904 VI,
1477 2880 1534 2906 175.

412 2918 421 2934 ²
441 2920 613 2953 Margherita
634 2921 661 2944 di
681 2921 829 2944 Brabante.
1361 2915 1371 2931 *¹
1393 2923 1426 2947 29
1445 2917 1562 2949 giugno.

2187 771 2224 802 lo

2187 1036 2223 1066 15

2186 1301 2226 1331 20

2186 1558 2226 1590 25

2189 2165 2229 2197 35

2190 2422 2231 2452 40

2199 2919 2230 2936 10
