2297 3476
69 1539 88 1554 Ε,
103 1538 154 1557 507⁴

22 1745 98 1766 Mun,
115 1744 155 1763 353

189 2889 202 2915 5

247 178 296 214 60
886 179 1198 216 CHRONICON
1225 179 1456 216 ESTENSE
1793 187 1874 221 [AA.
1896 189 2090 221 1304-1305]

241 312 366 349 gerunt
389 317 514 348 papam
538 307 750 338 Clementem
776 308 819 339 de
837 308 991 349 partibus
1014 309 1288 342 ultramontanis.
1334 310 1460 342 Postea
1483 311 1597 343 dictus
1620 322 1711 353 papa
1734 322 1811 344 cum
1835 313 1991 345 omnibus
2015 324 2089 345 car-

240 360 413 392 dinalibus
444 366 479 391 et
511 360 606 391 curia
638 370 780 391 romana
811 361 949 393 iverunt
980 363 1025 393 ad
1055 362 1229 394 civitatem
1253 362 1449 402 Avinionis,
1477 364 1535 396 ubi
1565 370 1687 406 postea
1720 367 1881 399 continue
1912 372 2089 399 steterunt.

241 413 285 444 Et
309 413 374 444 hoc
398 412 465 443 fuit
487 412 522 443 in
545 422 665 444 Mcccv
689 413 732 444 de
755 424 873 446 mense
899 415 1035 457 augusti
1050 416 1069 446 ¹.

327 465 461 496 Eodem
485 465 676 504 millesimo,
692 466 748 498 die
772 467 893 499 ultimo
911 468 1038 499 mensis
1054 469 1262 501 novembris.
1306 470 1471 502 Dominus
1496 470 1680 503 Ghibertus
1697 472 1740 503 de
1757 471 1907 515 Corigia,
1926 473 2089 505 defensor

244 518 389 549 civitatis
413 523 448 549 et
471 518 591 559 populi
615 518 751 558 Parme,
777 520 943 561 equitavit
967 521 1012 552 ad
1046 521 1220 553 civitatem
1244 522 1426 554 Placentie
1453 529 1487 554 et
1509 523 1559 554 ibi
1583 523 1675 555 stetit
1698 534 1759 565 per
1774 524 1891 566 plures
1915 525 1998 557 dies.

328 570 395 601 Die
412 571 548 602 veneris
566 581 623 602 1111
648 573 774 603 mensis
799 573 1007 612 decembris,
1022 574 1179 605 dominus
1204 575 1369 608 Albertus
1394 576 1528 615 scotus,
1546 576 1603 618 qui
1619 582 1702 608 tunc
1727 582 1801 608 erat
1819 578 1977 610 dominus
1995 579 2086 611 dicte

242 623 391 655 civ-itatis
415 622 605 661 Placenffie,
630 624 840 656 renuntiavit
858 626 989 657 dictam
1006 626 1271 659 dominationem
1282 640 1291 665 3
1310 629 1403 660 cives
1421 629 1513 661 dicte
1532 629 1686 661 civitatis
1703 637 1946 663 concesserunt
1962 630 2087 663 baliam

238 676 379 707 domino
404 675 572 707 Ghiberto
597 677 755 718 predicto
781 678 886 710 dandi
904 679 952 710 eis
976 684 1193 720 potestatem,
1211 686 1394 718 rectorem,
1420 692 1480 713 suo
1504 681 1738 723 beneplacit03
1765 688 1798 714 et
1813 683 1887 724 ipse
1911 683 2088 715 constituit

236 734 440 770 potestatem
458 729 633 760 dominum
651 730 850 763 Conradum
868 732 911 763 de
936 731 1093 774 Corigia;
1119 738 1153 764 et
1171 743 1288 765 omnes
1305 734 1438 776 bapniti
1463 740 1496 766 et
1513 734 1676 767 confinati
1693 735 1841 767 civitatis
1857 735 1985 767 reversi
2009 742 2087 768 sunt

236 782 270 812 in
286 781 511 814 Placentiam.
551 782 677 814 Postea
692 782 850 815 dominus
866 783 1030 817 Albertus
1047 786 1172 818 Scotus
1187 786 1331 818 recessit
1350 787 1394 818 de
1412 787 1552 819 civitate
1576 794 1609 819 et
1621 788 1685 819 ivit
1701 788 1745 819 acl
1757 788 1932 820 civitatem
1947 788 2086 826 Parme3

233 841 267 867 et
289 841 371 866 tunc
396 835 465 878 liga
482 835 733 875 Parmensium,
758 837 1040 870 Placentinorum
1066 845 1100 871 et
1124 838 1410 872 Cremonensium
1438 841 1532 873 facta
1556 848 1615 874 est.

1071 964 1246 997 MCCCV.

318 1046 371 1078 De
396 1057 512 1078 mense
530 1047 659 1089 aprilis.
708 1048 874 1079 Excelsus
892 1054 926 1079 et
951 1048 1092 1080 illustris
1109 1049 1267 1081 dominus
1285 1050 1442 1081 dominus
1466 1049 1566 1094 Acco
1590 1051 1655 1082 Dei
1679 1051 1791 1094 gratia
1815 1053 1960 1084 estensis
1983 1062 2086 1083 anco-

232 1100 367 1130 nitanus
384 1100 549 1139 marchio,
567 1100 736 1138 Ferrarie,
754 1101 891 1133 Mutine
909 1107 943 1133 et
956 1102 1060 1143 Regii
1074 1102 1234 1134 dominus
1247 1103 1419 1146 generalis
1433 1109 1466 1134 et
1479 1114 1594 1135 comes
1607 1103 1752 1142 Andrie,
1771 1104 1868 1136 duxit
1892 1105 1928 1135 in
1944 1115 2085 1136 uxorem

233 1151 266 1182 in
292 1152 430 1184 civitate
454 1151 613 1184 Ferrarie
631 1153 808 1185 dominam
825 1153 1017 1185 Beatricem
1036 1154 1139 1186 filiam
1158 1155 1287 1186 domini
1304 1155 1396 1198 regis
1412 1156 1535 1188 Karoli
1552 1157 1595 1188 de
1612 1156 1757 1198 Apulia3
1783 1163 1816 1189 et
1840 1167 1965 1201 magna
1989 1157 2084 1189 curia

233 1206 328 1236 facta
353 1211 404 1237 est
427 1205 461 1236 in
485 1204 645 1237 Ferraria
669 1212 735 1238 etc.

320 1258 451 1290 Eodem
477 1259 543 1290 die.
568 1259 734 1291 Dominus
751 1260 960 1292 Franciscus
991 1260 1145 1292 marchio
1170 1261 1312 1293 estensis
1337 1268 1370 1294 et
1394 1262 1503 1294 frater
1519 1263 1670 1304 predicti
1694 1262 1904 1294 marchionis
1935 1262 2087 1305 Acconis

230 1312 373 1343 recessit
397 1312 440 1343 de
464 1312 636 1350 Ferraria,
655 1318 688 1344 et
704 1312 764 1344 ivit
778 1312 1036 1345 Lendeneriam
1060 1313 1095 1345 in
1121 1314 1283 1346 comitatu
1307 1315 1472 1357 Rodigii;
1498 1322 1531 1347 et
1554 1315 1601 1347 ibi
1618 1316 1711 1347 stetit
1733 1327 1795 1357 per
1819 1326 1923 1347 unum
1947 1327 2085 1355 annum,

231 1365 310 1407 quia
333 1365 510 1397 discordia
534 1370 608 1396 erat
632 1365 723 1397 inter
750 1366 844 1407 ipsos
868 1365 1010 1403 fratres3
1037 1371 1070 1397 et
1095 1367 1209 1408 acepit
1240 1367 1497 1399 Lendenariam
1529 1367 1564 1399 in
1589 1379 1624 1400 se
1638 1380 1647 1405 3
1673 1378 1779 1411 quare
1810 1368 1964 1400 marchio
1988 1367 2084 1411 Acco

230 1418 321 1450 misit
346 1418 533 1450 exercitum
557 1429 653 1450 suum
677 1419 722 1450 ad
746 1419 876 1451 dictum
899 1419 1026 1457 locum,
1052 1425 1085 1450 et
1114 1419 1185 1462 jam
1210 1420 1322 1451 dictus
1346 1420 1499 1452 marchio
1524 1421 1730 1453 Franciscus
1755 1431 1790 1453 se
1815 1422 2034 1453 commiserat
2050 1421 2084 1452 in

230 1471 386 1503 manibus
410 1471 679 1514 ghibellinorum
704 1472 747 1503 de
772 1471 904 1504 Padua.
952 1472 991 1503 In
1015 1472 1081 1503 fine
1118 1473 1280 1504 dominus
1310 1473 1518 1505 Alberucius
1549 1473 1592 1505 de
1624 1474 1753 1519 (jachis
1784 1475 1828 1506 de
1859 1474 1991 1512 Padua,
2025 1473 2083 1516 qui

236 1529 309 1554 erat
328 1523 528 1565 capitaneus
552 1524 589 1554 in
614 1524 709 1556 dicto
735 1530 847 1556 castro
864 1523 1105 1563 Lendenarie,'
1128 1525 1282 1557 reddidit
1305 1532 1339 1557 et
1356 1525 1505 1558 restituit
1523 1526 1649 1558 dictum
1674 1531 1822 1558 castrum
1841 1526 2000 1568 gentibus
2024 1526 2085 1557 do-

232 1576 315 1607 mini
332 1576 541 1608 marchionis
557 1576 719 1620 Acconis,
737 1577 795 1619 qui
820 1583 918 1609 erant
941 1576 989 1608 ibi
1006 1577 1039 1608 in
1057 1578 1222 1610 exercitu.

318 1629 453 1661 Eodem
470 1629 662 1662 millesimo.
687 1629 810 1661 Plures
827 1629 922 1661 cives
938 1630 982 1661 de
999 1630 1133 1662 Rubeis
1151 1631 1195 1661 de
1210 1631 1335 1663 Parma
1352 1642 1430 1662 cum
1447 1632 1523 1663 aliis
1547 1631 1679 1664 civibus
1704 1632 1952 1664 ordinaverunt
1967 1642 2085 1674 quem-

231 1682 309 1713 dam
334 1687 526 1720 tractatum,
551 1687 589 1714 ut
605 1682 723 1715 venire
740 1689 880 1725 possent
896 1683 941 1715 ad
966 1684 1139 1715 civitatem
1157 1684 1282 1716 Parme
1300 1685 1344 1717 de
1361 1691 1475 1724 nocte,
1493 1686 1574 1727 quia
1598 1686 1732 1727 expulsi
1749 1692 1847 1717 erant
1872 1686 1914 1717 de
1933 1685 2084 1718 civitate.

232 1734 397 1766 Dominus
414 1735 600 1768 Ghibertus
623 1736 666 1768 de
691 1735 842 1780 Corigia,
859 1736 972 1768 sciens
988 1737 1056 1768 hoc
1082 1742 1116 1768 et
1131 1737 1250 1769 volens
1266 1737 1427 1779 re'perire
1452 1739 1644 1777 veritatem,
1661 1739 1757 1770 mixit
1781 1739 1825 1770 ad
1849 1745 1998 1771 castrum
2022 1739 2084 1770 Ni-

229 1787 344 1818 viani²
369 1789 552 1830 quemdam
577 1800 673 1820 suum
697 1788 911 1828 familiarem,
929 1789 986 1831 qui
1003 1788 1193 1821 vocabatur
1208 1790 1400 1835 Canardus,
1418 1797 1454 1822 ut
1471 1791 1670 1834 inquireret,
1687 1792 1714 1824 si
1730 1791 1768 1823 in
1785 1792 1880 1824 dicto
1897 1798 2008 1824 castro
2025 1793 2084 1823 fie-

231 1846 284 1872 ret
300 1840 441 1883 aliquod
458 1841 715 1879 fulcimentum3
733 1848 767 1874 et
791 1843 995 1875 interfectus
1011 1849 1062 1875 est
1085 1843 1129 1875 ab
1153 1844 1201 1876 eis
1215 1844 1329 1876 dictus
1346 1845 1535 1890 Canardus.
1584 1845 1702 1883 Quare
1727 1852 1878 1888 potestas
1901 1845 2025 1877 Parme
2050 1850 2084 1876 et

230 1894 376 1936 populus
401 1895 521 1926 domos
544 1895 746 1927 Rubeorum
772 1896 1035 1929 comburserunt
1059 1903 1092 1929 et
1116 1897 1207 1930 bona
1224 1908 1351 1937 eorum,
1376 1904 1410 1931 et
1433 1899 1585 1931 confines
1611 1899 1782 1931 dederunt
1806 1899 1947 1931 domino
1971 1898 2083 1930 Bone-

231 1948 315 1979 t‘atio
339 1948 450 1990 Lupo,
470 1949 611 1981 domino
628 1949 832 1981 Rolandino
857 1950 900 1981 de
924 1950 1032 1992 Lupis
1056 1957 1090 1982 et
1113 1951 1225 1993 Lupo,
1250 1952 1306 1994 qui
1331 1962 1450 1984 omnes
1477 1959 1575 1984 erant
1606 1952 1649 1984 de
1674 1952 1929 1984 marchionibus
1953 1952 1996 1983 de
2019 1950 2084 1983 So-

231 2011 349 2043 ragna,
373 2007 407 2033 et
429 2002 584 2043 pluribus
608 2003 682 2033 aliis
708 2013 824 2034 eorum
850 2003 971 2035 amicis
996 2010 1029 2035 et
1052 2004 1271 2046 sequacibus.
1319 2005 1443 2037 Statim
1468 2005 1627 2037 dominus
1651 2006 1859 2038 Vicecomes
1882 2006 1926 2037 de
1949 2005 2084 2036 Pelavi-

231 2054 316 2085 cinis
340 2061 373 2086 et
396 2055 445 2086 illi
471 2056 514 2086 de
531 2055 664 2086 Palude
688 2056 901 2088 intraverunt
925 2063 1074 2088 castrum
1091 2056 1261 2089 Furnovi3
1279 2063 1313 2089 et
1328 2058 1455 2090 Nivani
1473 2064 1506 2090 et
1531 2058 1736 2101 Segalarie⁴,
1759 2058 1873 2090 animo
1891 2064 1925 2090 et
1948 2059 2084 2090 intenc-

232 2107 323 2139 tione
359 2108 463 2139 eundi
494 2108 652 2139 Parmam
688 2114 830 2150 propter
864 2109 1062 2150 predictum
1098 2115 1293 2142 tractatum.
1341 2110 1463 2143 Subito
1498 2116 1650 2153 potestas
1688 2112 1813 2143 Parme
1850 2121 1925 2143 cum
1961 2110 2084 2142 militia

230 2161 396 2202 equitavit
419 2162 464 2193 ad
488 2167 636 2193 castrum
661 2161 817 2194 Culicli⁵.
864 2161 979 2194 Rubei
1003 2169 1037 2195 et
1061 2163 1117 2194 alii
1141 2164 1208 2195 hoc
1233 2164 1414 2196 audientes
1431 2175 1509 2196 cum
1534 2165 1692 2196 omnibus
1715 2175 1832 2196 eorum
1858 2164 2006 2196 arnexiis
2029 2164 2083 2194 fu-

230 2214 367 2256 gierunt
390 2214 425 2244 in
450 2221 561 2246 castro
585 2214 793 2256 Pellegrino.
840 2214 998 2247 Potestas
1023 2226 1099 2247 cum
1116 2217 1246 2258 populo
1265 2217 1534 2250 devastaverunt
1551 2217 1767 2261 Segalariam
1792 2224 1825 2249 et
1841 2217 2024 2255 Nivmmm,
2049 2221 2083 2247 et

229 2267 386 2298 omnibus
409 2267 560 2309 bapnum
585 2268 767 2300 dederunt.
815 2268 941 2300 Postea
965 2269 1009 2300 ad
1033 2270 1148 2310 plures
1174 2269 1250 2301 dies
1266 2270 1360 2311 capti
1378 2270 1519 2302 fuerunt
1543 2270 1703 2302 dominus
1727 2270 1926 2302 Gherardus
1944 2270 1986 2301 de
2009 2269 2083 2301 Un—

230 2320 315 2362 cola,
339 2320 466 2352 Paulus
490 2321 609 2359 Ruffa,
635 2321 694 2363 qui
712 2321 866 2352 confessi
891 2321 1040 2360 fuerunt,
1066 2322 1160 2364 quod
1183 2323 1342 2354 fecerant
1366 2329 1400 2354 et
1424 2328 1658 2354 tractaverant
1681 2333 1759 2354 cum
1788 2323 1927 2355 domino
1951 2323 2082 2354 Rolan-

230 2374 311 2405 dino
334 2373 435 2415 Lupo
459 2380 492 2406 et
517 2385 594 2406 cum
618 2373 750 2406 Rubeis
774 2375 911 2405 tradere
936 2374 1112 2406 civitatem
1135 2375 1259 2407 Parme
1285 2376 1424 2407 domino
1448 2375 1640 2407 marchioni
1664 2374 1798 2418 Acconi
1823 2376 1947 2407 estensi
1956 2388 1964 2413 3
1989 2375 2081 2407 unde

231 2426 390 2458 dominus
415 2426 613 2466 Ghibertus‚
637 2433 774 2468 reperta
797 2427 941 2460 veritate
958 2428 1042 2460 dicti
1067 2434 1243 2468 tractatus
1268 2435 1302 2461 et
1333 2430 1421 2462 sicut
1444 2429 1487 2460 ab
1504 2429 1554 2461 eis
1578 2428 1728 2461 debebat
1752 2429 1907 2467 interfici,
1932 2429 2082 2470 bapnum

229 2479 323 2510 dedit
346 2479 412 2510 illis
437 2480 480 2511 de
505 2480 640 2512 Rubeis
664 2486 697 2511 et
721 2480 837 2521 Lupis,
863 2486 897 2512 et
925 2480 1015 2512 bona
1040 2490 1158 2512 eorum
1184 2482 1437 2514 destruxerunt.
1485 2483 1531 2514 Et
1547 2483 1666 2514 volens
1689 2482 1877 2514 vindictam
1909 2493 2081 2514 assumere

229 2537 350 2563 contra
375 2532 549 2563 dominum
566 2533 818 2571 Marchionem,
844 2533 1021 2565 assotiavit
1044 2544 1079 2565 se
1108 2533 1394 2574 Bononiensibus,
1419 2535 1686 2574 Veronensibus,
1711 2535 1908 2567 Mantuanis
1932 2541 1965 2566 et
1988 2535 2082 2566 Bris—

321 2675 342 2692 1.
364 2668 539 2692 Clementum
558 2669 581 2691 A
603 2681 635 2685 —
655 2668 679 2693 6.
699 2672 772 2693 11110r
791 2670 814 2693 A
836 2683 867 2686 —
891 2677 931 2701 13.
950 2671 1013 2701 dopo
1033 2670 1136 2694 estensi
1155 2671 1230 2695 Mun.
1252 2678 1311 2701 agg.
1332 2672 1360 2694 et
1386 2684 1419 2688 —
1446 2669 1536 2701 26-27.
1556 2669 1686 2701 Nix-iani]
1714 2670 1832 2694 Viviani
1855 2671 1914 2694 AB
1940 2670 2017 2695 Mun.
2045 2683 2076 2686 —

233 2715 273 2740 27.
294 2709 476 2742 familiarem]
496 2710 584 2734 famil.
604 2712 645 2739 A,·
659 2711 797 2736 famulum
811 2712 888 2737 MuR.
909 2726 941 2729 ——
957 2712 998 2736 28.
1023 2713 1058 2736 ab
1072 2713 1115 2736 eis
1131 2715 1180 2736 'ona
1202 2713 1226 2735 B
1246 2713 1324 2737 Mun.
1346 2726 1378 2729 —
1399 2720 1441 2744 34.
1461 2713 1564 2737 Rubeis
1584 2714 1613 2736 et
1632 2712 1696 2736 aliis
1720 2712 1774 2736 hoe
1797 2712 1914 2736 audient
1936 2713 1959 2735 A

321 2800 329 2817 ¹
350 2802 495 2827 Clemente
515 2804 539 2827 V
559 2803 726 2835 (Bertrando
748 2803 835 2836 Goth)
856 2803 888 2828 fu
903 2804 989 2829 eletto
1003 2804 1023 2828 il
1039 2809 1051 2834 5
1066 2804 1128 2835 giu·
1272 2803 1281 2819 ⁴
1301 2804 1431 2836 Segalara
1450 2804 1576 2829 frazione
1600 2805 1643 2829 del
1667 2812 1786 2829 comune
1807 2805 1835 2828 di
1855 2805 1919 2830 Sala
1944 2805 2080 2836 Bagauza,

233 2852 288 2875 gno
311 2850 386 2874 1305.
1184 2846 1333 2877 provincia
1352 2845 1382 2869 di
1396 2845 1506 2870 Parma.

320 2883 331 2899 ²
351 2886 478 2909 Neviano
498 2886 571 2917 degli
590 2886 711 2910 Arduini
732 2894 747 2910 a
767 2892 798 2917 25
819 2887 867 2910 kil.
887 2887 913 2911 S.
933 2886 966 2911 da
985 2887 1094 2910 Parma.
1273 2885 1283 2901 ⁵
1314 2886 1481 2918 Collecchio,
1511 2888 1598 2919 borgo
1629 2888 1735 2911 situato
1766 2894 1781 2910 a
1811 2893 1845 2917 50
1872 2888 1922 2912 kil.
1950 2887 2016 2912 s-O.
2043 2888 2081 2919 'da

320 2925 330 2942 3
350 2928 482 2952 Fornovo
503 2929 530 2952 di
552 2929 625 2952 'l'aro
645 2936 660 2952 a
682 2935 713 2952 22
734 2929 786 2953 kil.
805 2929 872 2953 S-O.
891 2929 925 2953 da
943 2929 1054 2953 Parma.
1184 2929 1292 2953 Parma.

2115 790 2153 821 10

2112 1157 2148 1188 15

2109 1422 2151 1452 20

2108 1685 2149 1716 25

2107 1951 2149 1982 30

2106 2215 2147 2246 35

2105 2483 2146 2513 40

2111 2938 2141 2955 10
