2307 3592
61 573 79 605 5

41 838 79 868 10

41 1100 76 1132 15

34 1366 76 1397 20

28 2261 67 2293 35

26 2527 66 2558 40

107 237 190 273 [ΛΑ.
211 238 404 272 1258-1259]
742 230 1053 268 CHRONICON
1082 232 1310 269 ESTENSE
1899 238 1946 271 33

107 364 243 396 diversa
266 364 440 402 sentirent,
465 375 544 396 nam
567 365 774 397 fortissimos
797 374 934 407 quoque
958 365 1083 397 milites
1107 365 1218 398 subita
1242 366 1332 398 bella
1356 367 1572 406 conturbant,
1596 368 1773 400 Ecellinus
1797 375 1831 401 et
1850 369 1949 401 Pela-

105 416 237 448 vicinus
260 416 385 448 flumen
409 416 487 449 Olei
509 416 675 449 velociter
698 422 923 455 transeuntes,
947 422 1068 449 contra
1092 418 1209 450 fideles
1240 418 1397 451 Ecclesie
1430 420 1520 452 acies
1552 420 1716 452 continuo
1741 421 1947 453 direxerunt.

104 468 148 500 Et
164 473 245 500 tunc
261 468 466 510 inceperunt
481 469 572 501 acies
588 469 736 500 Ecellini
760 469 853 510 prius
870 468 1076 501 abscondite
1094 470 1241 508 dilatari,
1260 477 1294 503 et
1311 471 1381 502 eius
1397 472 1523 504 vexilla
1540 472 1718 504 mortifera
1733 473 1948 516 recognosci.

104 521 294 553 Cernentes
310 521 414 564 igitur
429 527 669 564 persecutores
686 521 843 553 Ecclesie
859 521 1038 564 Legatum,
1056 528 1089 554 et
1105 522 1319 566 Bryssienses
1331 525 1588 566 comparatione
1602 525 1651 557 sui
1665 525 1791 558 habere
1805 525 1949 558 militum

102 574 320 616 paucitatem,
344 574 416 606 sine
435 574 596 606 dilatione
620 575 770 616 ipsorum
788 574 975 606 exercitum
1000 575 1200 608 terribiliter
1216 576 1424 609 invaserunt.
1460 577 1560 609 Tunc
1578 576 1796 622 Bryssienses
1812 578 1949 620 inoppi-

105 626 253 658 nabilem
269 626 484 659 inimicorum
501 627 753 660 multitudinem
769 627 950 665 intuentes,
974 628 1146 668 perterriti
1163 629 1393 667 vehementer,
1407 630 1440 660 in
1466 631 1582 673 fugam
1599 631 1752 672 protinus
1775 637 1852 662 sunt
1868 641 1950 663 con-

102 679 200 711 versi.
247 680 358 722 Capta
375 691 418 712 ex
436 689 554 712 eorum
567 679 695 722 populo
712 680 862 711 maxima
878 679 1070 718 multitudo,
1089 687 1132 718 et,
1150 683 1244 723 quod
1260 692 1330 713 non
1346 682 1419 713 sine
1435 683 1554 715 dolore
1578 683 1726 715 dicimus
1742 684 1948 721 vehementi,

104 738 223 773 captus
246 738 296 764 est
319 732 478 776 Legatus,
503 738 536 764 et
561 742 638 764 cum
664 743 704 764 eo
730 732 914 774 episcopus
938 734 1138 764 veronensis
1153 735 1173 772 ¹,
1198 744 1334 765 necnon
1357 740 1509 776 potestas
1524 735 1689 768 Mantue²
1713 746 1753 768 ac
1770 736 1867 768 multi
1890 736 1946 768 alii

101 784 202 826 probi
225 785 299 816 viri.
345 785 570 828 Bryssienses,
595 785 654 827 qui
677 791 912 817 remanserant
937 784 980 816 ad
1005 786 1195 817 custodiam
1219 787 1382 825 civitatis,
1407 793 1440 818 et
1471 789 1527 829 qui
1552 788 1595 820 de
1621 788 1741 820 castris
1764 789 1809 820 ad
1832 788 1949 821 urbem

102 837 344 880 confugerant,
368 838 490 870 timore
514 837 694 870 subitaneo
713 838 879 875 excecati,
904 838 976 869 sine
1001 838 1071 869 ictu
1093 838 1200 881 gladii
1226 845 1260 870 et
1283 846 1439 882 sagypte‚
1456 841 1633 872 sevissimo
1657 841 1807 873 omnium
1832 848 1946 884 tyran-

101 899 247 931 pnorum
271 890 439 928 Ecellino,
463 896 497 922 et
520 890 722 922 Pelavicino
746 891 918 933 Bryssiam
942 890 1098 932 protinus
1121 891 1350 924 tradiderunt.
1397 892 1499 924 Multi
1523 904 1605 926 vero
1622 894 1754 926 nobiles
1778 901 1812 926 et
1835 894 1946 926 eciam

101 942 285 984 populares
309 949 343 975 et
367 943 552 985 episcopus
583 953 661 974 cum
692 943 796 980 clero,
829 942 968 975 civitate
1000 943 1132 981 relicta,
1164 944 1342 987 fugierunt
1366 956 1386 976 a
1418 945 1509 978 facie
1541 946 1681 984 inimici,
1705 946 1837 979 salvare
1869 957 1947 988 per-

101 1005 200 1027 sonas
222 995 259 1026 in
283 1002 378 1028 tanto
402 995 599 1028 discrimine
622 996 837 1028 solummodo
862 996 1051 1037 cupientes.
1098 996 1207 1028 Porro
1232 997 1275 1028 de
1299 1003 1366 1029 tam
1391 998 1503 1030 subita
1526 998 1663 1042 Bryssie
1687 999 1892 1031 admissione
1917 1006 1950 1031 et

101 1048 144 1080 de
169 1048 326 1090 captione
351 1048 467 1091 legati,
491 1048 555 1080 viri
580 1048 846 1080 constantissimi
871 1054 906 1080 et
936 1048 1016 1080 fidei
1048 1049 1186 1081 fervore
1211 1050 1360 1088 accensi,
1385 1050 1441 1092 qui
1466 1051 1602 1083 assidue
1625 1062 1688 1093 pro
1721 1052 1878 1084 Ecclesie
1908 1052 1948 1083 li-

101 1101 232 1134 bertate
257 1107 377 1134 contra
400 1108 623 1144 tyrapnorum
647 1101 789 1139 rabiem,
814 1101 858 1132 ab
883 1101 1119 1134 adolescentia
1146 1113 1253 1144 usque
1284 1104 1329 1134 ad
1357 1110 1566 1136 senectutem
1598 1105 1801 1146 exponendo
1825 1115 1861 1136 se
1895 1105 1947 1136 di·-

101 1155 206 1186 versis
228 1154 400 1197 periculis,
425 1154 608 1193 laboravit,
635 1154 791 1186 nonnulli
822 1154 1006 1196 plurimum
1039 1155 1239 1187 conturbari
1263 1161 1436 1197 ceperunt,
1470 1157 1635 1198 conqueri
1660 1157 1882 1189 vehementer
1914 1163 1948 1188 et

99 1206 226 1246 mirari,
249 1217 355 1249 quare
379 1206 498 1239 divina
512 1206 732 1248 providentia
748 1212 844 1239 tanto
862 1212 1016 1248 tempore
1040 1207 1213 1249 permictit
1236 1208 1429 1240 Ecclesiam
1445 1209 1493 1241 sic
1510 1210 1614 1252 affligi
1638 1216 1672 1242 et
1695 1211 1818 1252 impios
1834 1209 1947 1241 valide

98 1260 305 1302 prosperari.
352 1260 413 1293 Set
443 1259 572 1303 absque
597 1260 701 1292 dubio
732 1260 813 1291 istas
843 1260 1002 1302 querelas
1028 1261 1179 1302 parvitas
1210 1261 1289 1292 fidei
1319 1261 1517 1294 introducit.
1564 1263 1649 1294 Cum
1682 1263 1772 1294 enim
1803 1263 1948 1294 sciamus

98 1313 346 1346 sanctissimum
377 1313 511 1356 Joxiam
543 1313 696 1345 occisum
720 1323 740 1344 a
763 1313 946 1356 sagittariis
977 1312 1176 1350 Pharaonis,
1208 1314 1345 1346 Petrum
1383 1320 1417 1345 et
1444 1315 1587 1347 Paulum
1619 1316 1770 1347 Neronis
1801 1315 1946 1356 imperio

98 1365 331 1408 interemptOS‚
355 1372 390 1398 et
412 1372 449 1398 ut
473 1366 515 1397 de
533 1365 727 1398 hominibus
743 1372 927 1405 taceamus,
952 1376 1030 1397 cum
1052 1366 1119 1398 Dei
1144 1366 1268 1398 Filium
1292 1377 1563 1409 congnoscamus
1587 1369 1698 1400 crucis
1722 1368 1946 1411 ignominiam

97 1419 298 1460 pertulisse:
322 1429 428 1461 parve
451 1419 547 1450 'fidei
565 1430 585 1450 a
601 1419 701 1451 nobis
717 1425 795 1450 sunt
818 1419 940 1451 merito
965 1419 1157 1457 estimandi,
1183 1420 1241 1461 qui
1264 1420 1389 1452 felices
1412 1426 1532 1462 putant
1548 1427 1737 1464 tyrampnos
1753 1428 1786 1453 et
1809 1421 1941 1452 urbium

96 1471 326 1511 subversores,
350 1472 430 1516 quia
452 1472 682 1514 prosperitate
705 1472 801 1504 istius
825 1473 933 1504 seculi
957 1478 992 1503 et
1024 1473 1153 1504 delitiis
1183 1473 1416 1515 perfruuntur,
1450 1485 1528 1506 cum
1559 1476 1740 1506 continuus
1767 1485 1945 1506 successus

95 1526 335 1567 temporalium
359 1531 497 1558 ecterne
522 1525 775 1567 dampnationis
798 1535 871 1557 esse
895 1526 1063 1558 indicium
1089 1526 1341 1568 comprobetur.
1367 1527 1428 1559 Set
1452 1529 1554 1559 etiam
1572 1528 1607 1559 in
1624 1529 1774 1570 presenti
1791 1528 1945 1571 legimus,

96 1578 261 1610 maximos
290 1585 515 1621 tyrapnorum
546 1578 778 1610 miserabilem
810 1578 939 1610 exitum
964 1579 1140 1616 habuisse3
1174 1590 1252 1611 nam
1284 1580 1383 1612 Cirus
1413 1587 1491 1622 post
1523 1582 1709 1612 dominium
1742 1581 1895 1613 Orientis
1927 1591 1946 1611 a

96 1631 216 1673 regina
239 1631 413 1663 Scitarum
438 1632 562 1674 legitur
586 1631 792 1669 decollatus3
825 1641 958 1663 veneno
990 1631 1187 1664 babilonico
1219 1643 1361 1676 magnus
1392 1634 1495 1675 periit
1524 1633 1735 1672 Alexander,
1767 1640 1801 1666 et
1832 1634 1944 1666 Cexar

95 1690 289 1715 senatorum
312 1684 438 1726 gladiis
462 1690 513 1717 est
536 1685 734 1721 confossus:
760 1689 793 1716 et
808 1695 901 1716 nunc
919 1695 987 1716 non
1005 1690 1055 1716 est
1078 1695 1197 1716 manus
1219 1685 1361 1718 Domini
1385 1686 1571 1725 abreviata,
1595 1692 1633 1718 ut
1649 1687 1779 1718 salvare
1797 1692 1946 1729 nequeat

96 1746 213 1768 servos
236 1747 330 1774 suos;
356 1742 406 1768 set
429 1737 582 1778 peccatis
606 1738 782 1770 hominum
806 1737 1024 1780 exigentibus
1048 1738 1222 1779 permictit
1246 1738 1431 1780 aliquando
1455 1740 1548 1780 ipsos
1571 1739 1734 1777 insanire,
1760 1746 1793 1771 et
1817 1740 1941 1771 Eccle-

96 1789 178 1821 siam
202 1800 297 1821 suam
320 1789 410 1821 inter
432 1790 689 1822 tribulationum
714 1789 866 1822 turbines
882 1790 1059 1822 fluctuare.
1105 1790 1260 1823 Dimissis
1284 1791 1397 1833 itaque
1422 1791 1692 1824 dubitationibus
1716 1793 1759 1824 de
1775 1792 1943 1834 regimine

96 1842 282 1881 Creatoris,
305 1842 472 1875 iactemus
496 1849 649 1875 nostrum
672 1843 708 1874 in
743 1842 892 1875 Domino
925 1843 1124 1885 cogitatum,
1161 1843 1219 1885 qui
1241 1850 1319 1885 post
1342 1850 1580 1886 tempestatem
1603 1845 1824 1887 tranquillum
1848 1845 1942 1883 facit,

96 1900 130 1926 et
152 1901 230 1937 post
253 1895 521 1927 lacrimationem
546 1901 581 1927 et
604 1896 741 1927 flectum
766 1895 1010 1928 exultationem
1028 1896 1193 1929 infundit.

922 2016 1115 2049 MCCLIX.

182 2105 367 2147 Postquam
399 2105 517 2138 Brixia
543 2106 786 2138 miserabiliter
818 2107 860 2138 ab
892 2106 1048 2138 hostibus
1072 2113 1123 2139 est
1154 2107 1307 2147 subacta,
1340 2108 1518 2140 Ecellinus
1549 2108 1732 2151 impatiens
1764 2110 1943 2148 consortis,

93 2157 222 2189 nullum
246 2158 366 2190 volens
389 2158 518 2191 habere
541 2170 670 2201 parem,
688 2159 922 2191 marchionem
940 2159 1175 2191 Pelavicinum
1200 2166 1234 2192 et
1260 2159 1519 2198 Cremonenses,
1545 2172 1629 2203 quos
1653 2162 1821 2194 habuerat
1837 2163 1941 2194 sotios

93 2210 129 2240 in
153 2209 234 2242 belli
258 2211 459 2243 discrimine
483 2217 517 2244 et
543 2212 577 2243 in
609 2218 679 2243 tam
704 2212 888 2244 excellenti
920 2212 1076 2251 victoria,
1100 2223 1121 2244 a
1145 2213 1299 2245 dominio
1324 2220 1423 2256 capte
1455 2214 1548 2246 urbis
1578 2215 1741 2256 paulatim
1769 2216 1938 2253 excluxit;

93 2268 127 2294 et
149 2263 198 2294 sic
222 2263 296 2305 ipse
319 2264 412 2296 solus
435 2264 617 2308 Bryssiam,
642 2265 763 2297 eteius
780 2264 968 2297 districtum
986 2264 1145 2304 obtinuit,
1170 2271 1286 2308 preter
1310 2272 1457 2299 castrum
1474 2267 1694 2310 Urceorum³‚
1713 2270 1805 2310 quod
1823 2269 1940 2300 fideles

93 2316 251 2348 Ecclesie
275 2317 419 2349 viriliter
443 2318 683 2350 defenderunt.
731 2318 918 2350 'Tamdem
942 2319 1196 2351 Cremonenses
1220 2319 1334 2351 multis
1351 2320 1482 2351 iniuriis
1499 2320 1543 2352 ab
1567 2331 1609 2352 eo
1634 2322 1746 2363 sepius
1763 2321 1933 2359 stimulati,

91 2378 127 2400 se
151 2375 332 2401 cernentes
356 2371 498 2402 deluxos
522 2377 555 2402 et
578 2371 704 2403 nullam
721 2371 935 2410 hutilitatem,
959 2378 995 2403 ut
1011 2371 1204 2413 sperabant,
1229 2373 1272 2404 de
1295 2378 1388 2404 tanta
1411 2373 1557 2405 victoria
1581 2381 1794 2412 consecutos,
1818 2380 1939 2407 contra

91 2421 305 2464 tyrapnidem
336 2422 534 2465 nequissimi
564 2423 730 2465 principis
761 2424 1057 2456 vehementissime
1085 2431 1162 2456 sunt
1190 2425 1352 2457 commoti
1362 2437 1370 2462 ;
1403 2431 1437 2457 et
1467 2427 1697 2467 persuadente
1725 2425 1861 2459 Bosone
1894 2428 1938 2459 de

89 2473 248 2512 Dovaria,
273 2475 350 2506 cive
375 2476 591 2507 cremonensi
622 2476 730 2508 nobili
761 2482 796 2508 et
818 2477 963 2519 potenti,
989 2477 1047 2519 qui
1071 2488 1208 2509 exosam
1233 2477 1382 2510 habebat
1405 2478 1565 2510 malitiam
1593 2479 1752 2517 Ecellini‚
1770 2478 1937 2519 {marchio

89 2525 308 2559 Pelavicinus
332 2534 366 2560 et
389 2528 640 2561 Cremonenses
664 2530 848 2562 vehemens
872 2530 1000 2568 odium,
1025 2531 1118 2574 quod
1142 2531 1247 2563 corde
1272 2538 1506 2573 conceperant
1530 2537 1651 2564 contra
1670 2532 1844 2565 hominem
1860 2544 1936 2566 sce-

90 2579 244 2619 leratum,
268 2581 382 2613 verbis
405 2587 439 2613 et
463 2582 564 2614 factis
588 2582 843 2615 evidentissime
861 2584 1043 2616 ostendere
1061 2583 1275 2625 inceperunt.
1317 2584 1507 2626 Statimque
1525 2584 1714 2618 deliberato
1732 2586 1874 2618 consilio
1892 2586 1936 2618 ad

176 2719 201 2744 6.
219 2722 347 2752 preteriti.
364 2722 388 2745 A
410 2737 441 2740 —
465 2729 504 2746 10.
525 2723 583 2746 ictu
611 2731 658 2746 om.
687 2724 726 2749 A:
756 2724 915 2748 sevissimus
943 2724 967 2747 A
990 2737 1021 2740 —
1053 2723 1092 2748 16.
1112 2724 1264 2756 laboravit]
1284 2724 1446 2748 laborarunt
1470 2725 1546 2749 MUR.
1573 2738 1583 2742 —
1609 2725 1748 2756 nonnulli]
1774 2733 1838 2750 narn
1864 2727 1934 2751 nulli

91 2762 115 2785 A
132 2777 164 2781 —
187 2763 226 2788 18.
243 2763 385 2795 parvitas]
405 2771 508 2795 parvas
526 2764 593 2788 Α-
610 2771 649 2796 19.
669 2767 697 2789 et
715 2766 778 2796 dopo
792 2766 822 2788 di
835 2767 950 2790 Petrum
965 2774 1012 2789 om.
1026 2766 1050 2789 A
1069 2779 1101 2784 —-
1122 2765 1163 2791 26.
1177 2765 1339 2798 confossus]
1360 2766 1495 2791 confusus
1509 2768 1532 2790 Α
1551 2780 1562 2785 -
1582 2765 1699 2799 salvare]
1721 2767 1840 2792 salutare
1858 2769 1881 2791 A
1901 2782 1932 2786 —

91 2810 132 2834 29.
152 2804 290 2836 nostrum]
304 2812 451 2830 numerum
464 2806 504 2832 A:
523 2808 650 2830 nostrum
669 2808 739 2838 coglz'
757 2808 845 2836 ARN„
860 2807 884 2830 il
896 2808 973 2832 MUR.
989 2821 1021 2824 —
1037 2814 1077 2839 33.
1099 2807 1205 2840 parem]
1226 2808 1333 2839 partem
1347 2807 1386 2835 A:
1405 2809 1432 2830 z‘rt
1446 2808 1470 2831 Α
1481 2810 1544 2839 perh
1557 2808 1580 2831 il
1591 2809 1604 2832 t
1617 2809 1647 2831 di
1658 2810 1812 2841 partemfu
1825 2814 1932 2841 cspsmtu

85 2847 296 2876 posterz'ormente
316 2860 347 2864 —
368 2853 409 2878 39.
428 2848 483 2871 civi
503 2848 526 2870 Α
548 2861 579 2865 -
600 2855 642 2878 40.
661 2850 826 2881 conceperat
844 2850 867 2872 Α

174 2941 182 2958 ¹
201 2944 314 2969 Simone
334 2945 368 2969 da
388 2946 526 2977 Fogliano
546 2946 574 2970 di
593 2947 710 2978 Reggio.
1122 2947 1131 2961 ³
1153 2947 1311 2972 Orzinuovi
1331 2956 1347 2972 a
1367 2948 1510 2973 sud-ovest
1531 2949 1558 2972 di
1578 2949 1695 2973 Brescia.

174 2986 184 3002 ἵ
205 2988 330 3013 Gerardo
350 2989 516 3015 Cassadoca.
537 2990 632 3021 GAms,
651 2994 688 3022 op.
711 2993 766 3019 clf..
788 2999 813 3024 p.
836 2991 895 3016 806.

243 3103 275 3126 Τ.
296 3103 355 3132 XV,
376 3111 402 3135 p.
422 3110 458 3128 111
480 3118 510 3121 —
533 3110 557 3134 3.

2020 1438 2040 1452 c.
2057 1436 2102 1454 jer

2012 2332 2088 2353 Mun..
2108 2337 2146 2351 „2¹⁴
