2307 3592
114 262 165 295 [A.
186 261 281 294 1260]
748 254 1059 288 CHRONICON
1088 253 1318 289 ESTENSE
1907 254 1951 288 41

113 396 229 419 eorum
253 386 373 418 adesse
397 385 552 427 precepit
576 385 619 418 ad
642 391 709 417 tam
734 385 881 418 horibile
905 386 1138 427 spectaculum
1156 387 1368 425 intuendum,
1393 398 1534 429 quarum
1558 386 1712 428 capillos,
1737 385 1957 418 cernentibus

111 439 201 477 viris,
224 438 311 470 fecit
333 437 477 479 precidi,
500 444 680 481 vestesque
705 438 799 470 iussit
823 449 843 470 a
866 439 1022 470 mamillis
1046 433 1198 470 inferius
1213 440 1393 481 amputari,
1426 446 1460 471 et
1482 439 1709 471 incontinenti
1737 445 1813 471 ante
1838 439 1956 471 oculos

111 484 354 523 miserabilium
377 490 554 522 mulierum
571 491 745 522 mandavit
761 491 900 523 maritos
917 502 1032 522 earum
1050 491 1086 522 in
1102 492 1256 533 patibulo
1275 492 1413 524 elevari.
1461 491 1541 529 Quo
1559 492 1663 530 facto,
1680 492 1792 524 statim
1809 491 1958 533 expulsit

110 544 249 576 miseras
272 543 316 576 de
338 543 495 576 Trivixio
512 543 560 575 sic
577 543 719 585 turpiter
736 544 936 581 denudatas,
954 543 1195 587 Venetiasque‚
1212 545 1306 576 nullo
1323 546 1531 587 precedente
1547 546 1701 584 ductore,
1727 545 1840 589 coegit
1857 555 1958 587 quam

70 595 87 627 5
112 595 210 627 citius
232 604 429 636 properare.
477 594 508 626 O
523 594 646 626 infelix
662 595 810 626 humana
826 595 990 632 conditio,
1008 601 1042 626 et
1057 596 1174 627 nescia
1190 595 1401 628 futurorum!
1427 595 1523 633 Quid
1540 596 1576 627 in
1593 596 1776 628 crastinum
1793 595 1960 638 gloriaris,

112 648 280 685 nesciens,
305 647 388 689 quid
411 653 660 688 superventura
683 647 794 688 pariat
819 647 894 679 dies
917 647 979 678 tibi
1002 653 1035 679 et
1060 647 1103 678 ad
1127 659 1228 690 quem
1252 649 1353 680 finem
1377 655 1453 681 rota
1475 649 1625 681 fatorum
1648 647 1806 680 volubilis
1837 654 1871 680 te
1899 647 1957 678 de-

111 699 249 732 volvet?
296 700 390 732 Eece
415 699 451 730 in
474 700 586 741 spatio
603 699 763 731 undecim
788 700 953 730 mensium
978 700 1122 732 duorum
1147 701 1292 732 fratrum
1308 701 1431 744 sydera
1447 701 1670 745 tangentium,
1693 700 1813 743 quibus
1838 700 1960 732 ceteris

52 795 58 798 -
114 752 374 794 circumspectis
397 753 433 784 in
457 763 580 796 magna
602 758 701 794 parte
727 752 817 784 orbis
841 752 884 784 de
908 753 1004 784 facili
1029 763 1098 784 non
1123 760 1261 794 possent
1292 754 1418 786 similes
1441 754 1596 793 inveniri,
1620 754 1692 785 vita
1715 754 1813 785 simul
1844 760 1894 785 est
1925 760 1959 785 et

52 808 89 839 10
111 805 268 848 potentia
290 805 480 837 terminata.
526 805 596 837 Ubi
620 816 711 837 nunc
735 811 785 837 est
807 805 957 837 Ecellini
972 806 1133 847 superbia
1150 806 1337 839 effrenata?
1362 806 1420 838 ubi
1437 807 1529 839 acies
1544 807 1689 838 militum
1706 806 1884 839 ordinate?
1903 806 1961 838 ubi

113 863 318 891 armatorum
343 857 374 889 ei
399 857 605 890 abstantium
629 857 836 889 multitudo?
861 858 919 889 ubi
944 858 1092 890 obscena
1122 858 1294 901 ’voluptas'
1327 859 1561 892 delicatissimi
1585 859 1751 898 Alberici,
1777 871 1843 902 que
1876 859 1956 892 dum

113 917 202 945 esset
224 911 268 943 ab
292 912 367 953 ipso
393 911 540 953 expleta,
558 921 627 942 non
651 911 851 950 satietatem,
876 917 927 943 set
951 911 1076 942 famem
1101 912 1133 944 ei
1157 923 1279 954 parere
1304 912 1508 944 videbat-ur?
1554 913 1692 952 Merito,
1710 913 1857 955 inquam,
1875 912 1960 944 illud

113 975 238 1007 corpus
261 964 430 997 lubricum
454 964 535 1008 igne
560 963 693 995 luxurie
718 964 972 1003 inflammatum,
989 971 1170 1007 postquam
1187 965 1309 1008 gladiis
1326 971 1376 997 est
1392 966 1426 996 in
1442 966 1550 998 frusta
1574 967 1759 1005 concisum,
1788 976 1807 997 a
1830 965 1957 1007 populo

111 1017 276 1050 trivixano
307 1017 343 1049 in
373 1017 489 1059 platea
512 1017 658 1049 civitatis
681 1023 732 1048 est
755 1017 874 1048 voraci
909 1018 1044 1049 flamma
1067 1025 1321 1060 consumptum;
1347 1025 1381 1050 et
1412 1019 1459 1050 sic
1492 1019 1687 1051 omnimodo
1712 1019 1820 1051 caruit
1850 1019 1962 1060 sepul-

51 1070 87 1104 15
111 1076 196 1103 tura.
244 1069 341 1108 Quid
371 1069 538 1112 predictis
570 1070 724 1112 tyrapnis
755 1069 887 1111 profuit
919 1070 1082 1112 superbia
1113 1077 1147 1102 et
1180 1070 1375 1103 divitiarum
1407 1071 1589 1104 iactantia?
1621 1071 1703 1114 quid
1734 1071 1879 1103 contulit
1910 1071 1960 1102 eis

112 1122 216 1155 boni?
262 1123 488 1155 Transierunt
511 1132 593 1154 vero
618 1123 682 1154 ista
706 1123 821 1154 omnia
845 1129 1016 1165 tamquam
1040 1123 1159 1155 umbra
1168 1136 1175 1160 ;
1202 1123 1282 1156 tota*
1308 1135 1454 1167 namque
1479 1125 1630 1166 ipsorum
1647 1124 1829 1167 progenies
1845 1136 1865 1156 a
1888 1124 1960 1156 vic·

113 1175 243 1208 toribus
266 1176 431 1208 radicitus
456 1181 506 1207 est
529 1174 654 1213 deleta,
679 1175 783 1206 etiam
807 1175 950 1207 lactanti
974 1176 1127 1217 parvulo,
1151 1176 1315 1218 flavisqne
1342 1177 1466 1218 puellis
1474 1190 1482 1214 ς
1507 1178 1632 1210 ardens
1656 1177 1706 1208 ira
1728 1177 1876 1209 hostium
1893 1187 1962 1209 non

113 1228 288 1270 pepercit3
320 1233 354 1261 et
384 1228 604 1270 posessiones
628 1238 747 1259 eorum
771 1228 978 1269 amplissime
1003 1234 1081 1260 sunt
1112 1229 1156 1260 ad
1181 1235 1355 1262 estraneos
1385 1230 1554 1262 devolute.
1600 1230 1708 1262 Periit
1739 1230 1854 1272 itaque
1885 1240 1961 1262 cum

111 1281 223 1314 sonitu
246 1281 413 1313 memoria
428 1287 668 1324 tyrapnorum;
693 1286 727 1312 et
743 1281 918 1318 Dominus,
935 1281 1114 1313 vindicans
1129 1281 1332 1324 sanguinem
1356 1293 1529 1314 servorum
1553 1293 1699 1321 suorum,
1717 1294 1818 1325 quem
1840 1283 1962 1315 crude-

49 1336 90 1367 20
113 1335 192 1366 liter
216 1333 424 1372 effuderunt,
449 1340 483 1365 et
505 1333 677 1375 aspiciens
702 1333 870 1377 lacrymas
893 1334 1074 1365 viduarum
1092 1335 1375 1377 compatiensque
1399 1335 1584 1379 gemitibus
1608 1345 1861 1377 oppressorum,
1885 1345 1964 1377 per-

111 1393 226 1419 manet
248 1386 284 1418 in
309 1393 496 1419 ecternum.
543 1386 690 1430 Legitur
706 1397 798 1425 sane,
817 1387 912 1428 quod
928 1386 1026 1429 Magi
1043 1386 1232 1418 Pharaonis
1248 1388 1282 1418 in
1299 1388 1396 1431 signo
1414 1389 1515 1420 tertio
1533 1389 1755 1425 defecerunt3
1773 1387 1824 1419 sic
1843 1389 1962 1420 domus

113 1440 328 1473 nobilissima
351 1446 385 1472 et
407 1439 644 1481 potentissima
667 1439 710 1471 de
734 1439 905 1478 Romano,
923 1445 996 1471 arte
1013 1439 1194 1482 dyabolica
1217 1440 1357 1471 nimium
1375 1441 1531 1480 exaltata,
1547 1441 1582 1472 in
1598 1441 1697 1473 tertio
1714 1441 1824 1484 gradu
1840 1452 1897 1473 sue
1915 1441 1962 1472 al-

113 1492 276 1532 titudinis,
301 1492 436 1530 cecidit‚
461 1498 496 1523 et
519 1491 651 1523 defecit
667 1502 734 1523 nec
750 1491 889 1530 adiciet,
912 1498 950 1523 ut
973 1499 1138 1536 resurgat.
1184 1493 1315 1536 Magna
1331 1493 1460 1535 quippe
1476 1493 1542 1525 fuit
1555 1493 1590 1525 in
1607 1504 1670 1526 avo
1687 1494 1838 1533 istorum,
1855 1494 1965 1525 maior

113 1546 150 1577 in
173 1552 280 1588 patre,
305 1545 452 1577 maxima
476 1545 586 1577 extitit
608 1544 643 1576 in
669 1544 802 1577 duobus
825 1545 992 1586 predictis
1015 1545 1178 1577 fratribus
1203 1552 1237 1577 et
1260 1546 1408 1584 famosa3
1433 1552 1484 1578 set
1508 1547 1588 1588 quia
1611 1553 1772 1589 negatum
1800 1552 1851 1578 est
1874 1557 1964 1578 sum-

50 1598 91 1631 25
115 1598 181 1631 mis
205 1599 332 1631 diutius
355 1608 568 1640 permanere,
591 1598 627 1629 in
650 1597 718 1628 illis
742 1597 880 1635 cecidit,
905 1597 964 1640 qui
989 1604 1120 1630 tumore
1143 1598 1306 1630 inflamati
1329 1599 1501 1640 superbie,
1515 1610 1700 1642 numquam
1724 1610 1759 1631 se
1784 1610 1921 1631 casuros
1944 1610 1964 1630 a

114 1649 262 1682 culmine
286 1649 438 1691 potentie
462 1648 672 1691 cogitabant.
721 1648 846 1680 Nullus
869 1648 977 1691 igitur
1001 1648 1044 1680 de
1069 1649 1121 1680 sui
1147 1655 1252 1681 status
1276 1649 1462 1681 securitate
1484 1656 1669 1692 presumat.

203 1700 276 1733 Sub
298 1700 501 1742 precedenti
526 1709 692 1731 annorum
717 1699 858 1737 circulo,
884 1709 961 1731 cum
984 1706 1055 1732 tota
1078 1700 1195 1731 Ytalia
1217 1700 1332 1732 multis
1361 1706 1449 1732 esset
1479 1701 1613 1744 flagitiis
1644 1707 1678 1733 et
1709 1701 1896 1734 sceleribus
1913 1701 1963 1732 in-

114 1751 266 1794 quinata,
291 1751 439 1794 quedam
462 1749 641 1782 subitanea
665 1751 887 1792 compunctio
913 1757 946 1782 et
969 1761 989 1782 a
1012 1751 1129 1783 seculo
1154 1751 1308 1783 inaudita
1330 1751 1457 1784 invaxit
1479 1752 1636 1794 primitus
1658 1752 1861 1790 Peruxinos,
1889 1752 1962 1784 Ro-

114 1811 233 1834 manos
255 1801 484 1844 postmodum,
507 1807 541 1833 et
565 1800 692 1833 deinde
716 1801 792 1833 fere
815 1801 932 1833 Ytalie
955 1802 1104 1843 populos
1120 1801 1297 1834 universos
1308 1803 1328 1834 ¹.
1374 1803 1413 1834 In
1430 1808 1560 1835 tantum
1577 1804 1693 1846 itaque
1708 1804 1810 1835 timor
1825 1802 1964 1835 Domini

50 1853 93 1884 30
116 1852 214 1884 irruit
237 1863 338 1894 super
362 1862 430 1890 eos,
456 1850 550 1894 quod
572 1851 708 1883 nobiles
732 1853 864 1893 pariter
891 1858 925 1883 et
956 1852 1135 1894 ignobileS‚
1160 1862 1268 1890 senes,
1293 1853 1431 1884 iuvenes
1455 1859 1489 1885 et
1513 1854 1660 1887 infantes
1684 1855 1787 1886 etiam
1811 1854 1962 1896 quinque

115 1914 292 1941 annorum,
308 1903 398 1935 <nudi
422 1913 487 1945 per
508 1903 640 1944 plateas
664 1901 852 1942 civitatum,
878 1902 1006 1944 opertis
1029 1908 1160 1935 tantum
1182 1903 1365 1945 pudendis,
1389 1904 1544 1946 deposita
1575 1905 1795 1943 verecundia,
1828 1903 1900 1936 bini
1930 1910 1964 1935 et

116 1954 188 1986 bini
210 1953 511 1996 processionaliter
533 1953 759 1991 incedebant3
778 1953 901 1996 singuli
924 1954 1096 1996 flagellum
1120 1954 1154 1984 in
1179 1954 1333 1986 manibus
1357 1955 1400 1986 de
1425 1955 1563 1998 corigiis
1581 1955 1806 1993 continentes,
1831 1961 1865 1987 et
1886 1965 1964 1986 cum

115 2005 247 2048 gemitu
271 2011 305 2036 et
327 2004 463 2046 ploratu
491 2013 528 2036 se
558 2004 686 2036 acriter
709 2015 812 2045 super
835 2004 991 2045 scapulas
1014 2014 1122 2046 usque
1147 2005 1191 2036 ad
1223 2005 1435 2037 effuxionem
1468 2006 1641 2048 sanguinis
1666 2005 1897 2044 verberantes,
1931 2011 1965 2036 et

116 2058 222 2090 efusis
244 2054 398 2090 fontibus
422 2057 662 2100 lacrymarum,
687 2068 727 2089 ac
751 2057 778 2088 si
803 2057 1038 2098 corporalibus
1062 2058 1171 2089 oculis
1194 2058 1301 2100 ipsam
1326 2058 1513 2091 Salvatoris
1546 2065 1729 2091 cernerent
1759 2059 1963 2101 passionem,

52 2107 93 2140 35
117 2114 220 2140 cantu
243 2107 444 2140 lacrimabili
474 2107 612 2140 Domini
643 2108 915 2140 misericordiam
940 2114 974 2139 et
1004 2108 1070 2140 Dei
1102 2108 1288 2140 Genitricis
1316 2109 1476 2140 auxilium
1508 2109 1754 2151 implorabant;
1786 2109 1962 2152 supliciter

117 2159 353 2201 deprecantes,
376 2164 425 2197 ut,
449 2158 507 2201 qui
530 2158 693 2190 Ninivitis
716 2158 948 2199 penitentibus
973 2165 1024 2190 est
1047 2159 1213 2200 placatus,
1238 2166 1272 2191 et
1298 2160 1382 2201 ipsis
1405 2159 1602 2202 iniquitates
1628 2161 1785 2202 proprias
1814 2169 1965 2203 congno-

117 2209 298 2248 scenfibus,
321 2220 467 2251 parcere
491 2209 699 2252 dignaretur.
747 2209 827 2240 Non
851 2209 960 2241 solum
984 2209 1098 2252 itaque
1122 2209 1157 2241 in
1181 2210 1249 2248 die,
1274 2221 1392 2241 verum
1417 2210 1518 2242 etiam
1548 2211 1583 2242 in
1614 2217 1716 2243 nocte
1748 2222 1826 2243 cum
1857 2210 1964 2243 cereis

117 2260 280 2298 accensis,
295 2259 331 2291 in
345 2270 447 2302 yeme
471 2260 651 2302 asperima,
668 2260 815 2298 centeni,
832 2260 972 2298 milleni,
991 2260 1113 2292 decem
1129 2261 1223 2292 milia
1239 2271 1375 2303 quoque
1391 2271 1455 2302 per
1471 2261 1627 2294 civitates
1645 2262 1702 2303 [et]
1718 2262 1883 2294 ecclesias
1900 2261 1966 2293 cir-

118 2310 277 2348 cuebant,
294 2316 329 2342 et
343 2320 380 2342 se
397 2316 475 2342 ante
499 2310 619 2342 altaria
642 2311 817 2342 humiliter
839 2311 1114 2352 prosternebant,
1138 2312 1404 2353 precedentibus
1428 2322 1487 2344 eos
1510 2313 1746 2345 sacerdotibus
1762 2324 1840 2345 cum
1857 2312 1967 2345 cruci-

53 2361 94 2392 40
117 2360 180 2393 bus
208 2367 242 2392 et
271 2361 415 2393 vexillis.
464 2361 632 2393 Similiter
656 2361 691 2393 in
714 2361 806 2393 villis
829 2367 863 2393 et
889 2361 1001 2403 opidis
1024 2362 1216 2401 faciebant,
1246 2363 1294 2395 ita
1324 2363 1419 2405 quod
1451 2374 1470 2394 a
1496 2363 1640 2396 vocibus
1671 2364 1890 2396 clamantium
1920 2363 1967 2395 ad

117 2411 303 2443 Dominum
326 2421 486 2443 resonare
510 2411 715 2444 videbantur
738 2412 836 2444 simul
861 2412 1067 2454 campestria
1091 2419 1125 2444 et
1147 2418 1317 2445 montana.
1363 2413 1408 2445 Et
1431 2419 1512 2446 tunc
1536 2424 1600 2456 per
1622 2414 1818 2446 universum
1849 2414 1967 2447 orbem

81 2501 84 2502 ⁷
116 2462 220 2494 multe
244 2462 433 2494 concordie
456 2463 550 2495 facte
574 2463 724 2495 fuerunt.

207 2575 232 2600 3.
251 2568 282 2592 in
300 2577 348 2593 om.
369 2569 447 2594 Mun.
463 2582 496 2586 —
513 2576 552 2593 10.
567 2570 630 2600 dopo
649 2569 778 2600 potentia
798 2570 826 2592 iu
840 2569 863 2592 A
877 2570 918 2592 v'ei
933 2569 958 2592 la
967 2570 1062 2600 parola
1075 2569 1207 2594 ordinata
1220 2569 1361 2594 cancellata
1379 2578 1424 2594 con
1444 2579 1479 2593 un
1494 2571 1550 2602 rzgro
1563 2583 1573 2588 -
1587 2570 1730 2603 effrenata]
1743 2571 1883 2596 internata
1895 2572 1919 2595 A
1935 2584 1966 2589 —

124 2616 165 2634 11.
191 2610 312 2635 obscena
331 2611 409 2635 MUR.
429 2611 508 2635 ΑΚΝ.
534 2611 649 2635 obsecra
666 2611 690 2634 A
713 2624 744 2628 —
768 2617 807 2635 12.
827 2610 955 2642 inquam]
976 2611 1005 2635 in
1031 2618 1110 2643 quem
1130 2612 1153 2634 A
1174 2625 1207 2629 --
1229 2619 1270 2643 13.
1290 2611 1381 2636 frusta
1400 2611 1555 2643 concisum]
1575 2611 1681 2637 frustra
1706 2619 1865 2637 concessum
1890 2614 1914 2637 A
1936 2628 1968 2631 —

122 2658 162 2683 ¹4.
181 2651 320 2684 civitatis]
339 2652 455 2677 civitate
480 2653 504 2676 A
525 2665 536 2670 -
557 2652 665 2684 voraci]
686 2653 793 2677 volanti
812 2653 872 2675 AB
892 2653 987 2682 Mun.3
1008 2654 1102 2677 voraci
1122 2654 1135 2676 ἐ
1154 2654 1214 2677 dato
1234 2654 1310 2685 dagli
1328 2655 1408 2678 szc.
1430 2668 1462 2671 -
1483 2660 1523 2685 15.
1543 2654 1677 2678 iactentia
1697 2655 1720 2678 A
1739 2669 1772 2673 —
1794 2661 1834 2686 17.
1852 2655 1968 2680 lactenti

120 2693 143 2716 A
165 2707 196 2710 —
219 2694 260 2718 18.
279 2694 419 2727 pepercit]
446 2696 552 2728 peperit
571 2695 594 2718 A
616 2708 647 2711 —-
668 2701 709 2718 20.
729 2694 905 2718 effunderunt
924 2695 948 2718 A
968 2708 1000 2711 —-
1020 2700 1061 2725 25.
1082 2694 1201 2726 diutius]
1221 2696 1332 2720 diuitiis
1349 2696 1373 2719 A
1395 2709 1406 2714 -
1425 2696 1515 2720 inflati
1534 2696 1613 2720 ΑΚΝ.
1633 2710 1665 2714 —
1686 2703 1727 2726 27.
1747 2696 1863 2728 flagitiis
1888 2698 1965 2722 Mun.

75 2739 89 2764 5
120 2735 216 2765 Arna-‚3
229 2734 344 2767 flagellis
357 2736 381 2759 A
396 2750 427 2754 ——
443 2737 483 2761 28.
497 2735 677 2768 compuntio]
693 2736 864 2767 compositio
884 2736 907 2759 A
924 2750 955 2753 —
968 2743 1011 2767 30.
1024 2736 1165 2761 innobiles
1178 2738 1202 2760 Α
1217 2750 1228 2755 -
1242 2744 1328 2761 senex
1340 2738 1363 2760 A
1378 2751 1410 2755 —-
1426 2737 1468 2769 36.
1482 2737 1632 2769 Ninivitis]
1648 2738 1723 2768 dagli
1735 2739 1830 2768 ,ἔφης-,ς
1845 2739 1874 2763 in
1888 2739 1969 2763 uitiis

120 2776 162 2804 A,-
182 2777 336 2802 innumeris
350 2778 426 2802 Mus.
443 2791 476 2795 -
489 2785 533 2809 41.
553 2778 721 2810 campestria
741 2779 768 2801 et
782 2779 918 2802 montana
938 2778 1015 2802 Mun.
1030 2778 1106 2810 dagli
1118 2778 1216 2809 Ass-3
1235 2786 1284 2803 om.
1302 2779 1326 2802 A
1337 2779 1362 2801 B
1375 2793 1408 2796 —
1422 2786 1464 2810 42.
1480 2779 1524 2810 gli
1541 2780 1620 2803 Axx.
1640 2780 1690 2809 qui
1706 2781 1873 2812 aggiungono
1891 2781 1970 2804 molta

119 2818 187 2841 altre
205 2826 257 2842 cose
276 2826 366 2842 omesse
385 2820 432 2842 dal
453 2819 567 2843 chron
576 2821 654 2843 icon
672 2819 699 2842 E
704 2822 825 2843 stense.
863 2820 922 2843 Fui)
941 2820 1012 2843 dirsi
1022 2820 1113 2843 altresi
1126 2820 1170 2843 che
1184 2821 1234 2850 qui
1245 2821 1344 2852 fim'sca
1357 2821 1486 2844 l’accordo
1500 2824 1542 2844 tra
1551 2821 1595 2852 gli
1607 2822 1687 2846 ANN.
1705 2830 1718 2845 ε
1737 2822 1759 2844 il
1781 2822 1803 2845 C
1807 2822 1966 2846 hronicon

119 2858 146 2882 E
151 2863 200 2883 ste
208 2868 243 2884 ns
251 2869 271 2885 e.
308 2861 341 2884 In
359 2862 383 2884 A
396 2869 413 2884 a
420 2862 466 2892 ,pii
479 2862 510 2884 di
517 2863 621 2893 pagina
634 2863 659 2885 ςί
671 2862 744 2893 legge
757 2863 788 2884 di
799 2869 874 2885 mano
888 2861 931 2884 del
948 2862 1026 2885 secolo
1039 2861 1128 2884 XVII
1135 2862 1164 2884 in
1178 2863 1271 2886 matita
1285 2870 1373 2886 rossa:
1389 2863 1577 2888 Penitentiam
1597 2870 1678 2895 agere
1691 2864 1731 2888 est
1743 2864 1835 2888 Deum
1848 2865 1967 2895 placare.

206 2920 214 2936 ¹
234 2923 256 2946 Il
277 2924 353 2947 moto
373 2924 418 2948 dei
437 2924 603 2956 Flagellanti
624 2924 691 2948 ebbe
711 2924 823 2955 origine
843 2924 875 2947 in
894 2924 1013 2956 Perugia
1068 2924 1205 2954 sciph'nati
1221 2924 1284 2947 dell*
1294 2924 1401 2948 Umbria
1419 2925 1462 2947 del
1478 2925 1543 2948 1250
1563 2933 1575 2947 e
1594 2925 1617 2948 lc
1636 2925 1689 2949 loro
1708 2925 1797 2949 Laudi
1818 2927 1847 2949 in
1877 2927 1966 2949 Giorn.

60 2966 92 2983 10
118 2970 198 2987 verso
217 2963 237 2987 il
256 2964 400 2996 principio
420 2964 610 2989 deu’autunno
631 2965 673 2990 del
694 2964 760 2988 1260
778 2973 830 2996 per
843 2972 926 2997 opera
941 2964 1015 2988 d'un
1069 2965 1159 2990 Storia
1186 2965 1255 2989 della
1279 2966 1375 2990 Letter.
1408 2966 1482 2994 Ital„
1508 2967 1628 2997 Torino,
1665 2967 1746 3000 1906,
1773 2967 1966 2999 supplemento

118 3005 235 3029 eremita
254 3005 283 3029 di
302 3013 385 3030 nome
404 3007 520 3031 Ranieri
543 3007 654 3031 Fasani.
691 3006 736 3031 Cf.
763 3007 798 3031 G.
825 3007 924 3036 GALm,
942 3006 963 3030 I
975 3008 1015 3030 di·
1070 3015 1145 3032 num.
1160 3016 1184 3040 9.

2036 876 2055 889 c.
2071 874 2097 893 μ’
2106 876 2119 889 τ·

2037 1136 2112 1155 Mun..
2129 1136 2153 1154 3:
