2297 3476
48 1841 121 1862 Mun„
140 1842 178 1860 30⁴

201 2867 232 2883 10

269 171 313 205 10
895 169 1207 205 CHRONICON
1238 169 1469 205 ESTENSE
1806 176 1890 210 [AA.
1911 179 2105 213 1215-12201

260 303 470 335 firmamento
494 302 651 335 Ecclesie
675 302 841 335 stabilivit
864 308 897 335 et
920 312 983 344 per
1005 302 1156 345 ipsorum
1180 303 1369 336 doctrinam
1393 303 1541 335 lucidam
1567 309 1600 335 et
1625 309 1777 345 apertam
1801 311 1834 336 et
1857 306 1998 338 honeste
2025 316 2106 338 con-

259 355 458 388 versationis
481 355 700 398 splendorem
724 360 831 388 totum
848 355 1011 387 mundum
1035 366 1185 387 errorum
1202 355 1351 388 tenebris
1367 356 1555 388 involutum
1571 355 1768 389 mirabiliter
1784 356 1983 391 inlustravit.
2031 360 2104 391 Ho-

259 419 334 440 rum
358 409 513 440 ordinum
528 414 752 451 preceptores
768 409 907 441 fuerunt
922 409 1152 451 probatissimi
1168 415 1202 441 et
1217 409 1395 451 multiplici
1411 409 1537 441 decore
1554 409 1715 441 virtutum
1737 410 1917 451 plurimum
1942 412 2104 455 insigniti,

259 462 457 494 Dominicus
473 462 583 493 silicet
600 468 633 494 et
648 461 866 500 Franciscus;
892 462 949 504 qui
973 461 1069 504 quasi
1091 462 1158 493 due
1183 461 1263 494 tube
1286 462 1411 506 Moysy
1434 462 1658 494 dormientem
1682 463 1845 495 mundum
1860 464 1949 496 vitiis
1973 471 2006 497 et
2022 474 2104 507 pec-

261 515 343 546 catis
377 514 518 547 terribili
552 514 788 556 predicatione
814 520 848 547 et
872 514 1034 558 clangore
1070 515 1114 546 ad
1148 525 1298 558 pugnam
1322 520 1444 547 contra
1474 516 1606 547 hostem
1638 515 1807 557 triplicem
1832 517 2032 549 excitarunt.
2067 517 2107 549 In

260 577 394 599 omnem
417 567 544 610 quippe
567 574 692 599 terram
717 567 819 599 exivit
842 577 946 600 sonus
970 577 1088 599 eorum
1111 574 1145 599 et
1167 577 1276 611 usque
1300 569 1344 600 ad
1368 569 1452 600 fines
1476 567 1566 600 orbis
1591 574 1680 600 terre
1706 578 1823 600 eorum
1839 570 2037 602 veneranda
2052 580 2106 602 re-

259 621 338 663 ligio
363 628 412 652 est
436 620 531 652 brevi
554 627 708 663 tempore
733 621 882 652 dilatata.
929 620 1033 652 Unde
1059 631 1135 652 cum
1160 621 1434 653 consideratione
1457 621 1526 653 vite
1550 621 1770 660 sanctissime,
1794 622 1908 654 multis
1934 622 2106 654 miraculis

258 673 431 716 aprobate‚
457 684 533 706 cum
555 674 677 706 intuitu
701 674 856 706 doctrine
873 674 1018 713 celestis,
1036 685 1103 717 qua
1121 673 1226 706 corda
1241 675 1415 707 hominum
1430 675 1637 718 rigaverunt,
1654 675 1774 707 merito
1799 682 1867 707 tam
1892 675 1934 708 ab
1959 676 2108 708 ecclesia

259 727 486 769 triumphante
510 738 612 770 quam
635 727 798 760 militante
822 734 901 760 sunt
924 727 959 759 in
982 734 1177 760 sanctorum
1200 738 1342 761 numero
1360 729 1557 771 computati.

1082 833 1254 867 MCCXV
1254 835 1286 878 J.

345 915 441 947 Obiit
463 915 684 948 Innocentius
707 926 798 958 papa
821 915 940 948 tertius
964 916 1056 958 apud
1079 915 1265 956 Perusium,
1291 915 1346 947 cui
1368 916 1532 949 successit
1555 916 1730 948 Honorius
1753 915 1871 948 tertius
1885 918 1905 948 ¹.

1071 1027 1259 1060 Mccxvr
1260 1027 1290 1070 J.

346 1108 386 1140 In
409 1108 480 1140 istis
503 1107 712 1150 temporibus
735 1107 888 1140 transivit
913 1118 1006 1140 mare
1039 1107 1309 1140 Christianorum
1343 1107 1491 1139 maxima
1521 1107 1700 1139 multitudo
1724 1108 1759 1139 in
1782 1107 1969 1139 subsidium
1991 1108 2102 1140 Terre

257 1167 391 1199 sancte;
416 1167 451 1193 et
472 1160 588 1193 habito
611 1161 818 1203 prudentum
842 1160 996 1200 consilio,
1019 1160 1202 1193 Christiani
1227 1170 1303 1192 cum
1326 1160 1468 1192 navibus
1485 1160 1621 1192 infinitis
1645 1161 1681 1191 in
1704 1171 1805 1192 manu
1829 1160 1943 1192 valida
1959 1160 2106 1192 intrave-

257 1219 336 1246 runt
357 1213 541 1258 Egyptum‚
567 1220 600 1246 et
622 1213 814 1246 Damiatam
837 1213 1092 1245 munitissimam
1117 1213 1288 1245 civitatem
1312 1213 1418 1245 multo
1443 1219 1596 1255 tempore
1621 1213 1760 1245 viriliter
1785 1212 2004 1246 obsederunt.

1061 1323 1300 1368 MCCXVHJ.

347 1404 433 1436 Cum
456 1404 596 1436 vidisset
621 1404 790 1437 Soldanus
812 1403 1012 1442 Babillom's‚
1037 1405 1247 1437 Christianos
1269 1405 1461 1437 Damiatam
1485 1405 1722 1438 instantissime
1755 1405 1928 1444 obsidere,
1951 1406 2105 1448 protinus

257 1466 356 1499 reges
389 1457 638 1490 Saracenorum
671 1458 714 1490 de
740 1458 852 1501 Syrya
875 1464 909 1490 et
930 1457 1061 1489 Arabia
1084 1464 1118 1490 et
1141 1458 1215 1490 aliis
1237 1458 1423 1500 provinciis
1453 1459 1490 1490 in
1520 1470 1616 1491 suum
1645 1459 1808 1491 auxilium
1835 1459 2049 1497 convocavit,
2074 1465 2108 1490 et

257 1510 444 1542 exercitum
467 1510 736 1543 Christianorum
761 1511 852 1553 cepit
873 1511 1026 1554 undique
1042 1511 1184 1543 viriliter
1196 1512 1412 1555 impugnare3
1433 1518 1582 1554 excepto
1599 1513 1693 1555 quod
1715 1513 1780 1545 iter
1803 1512 1948 1543 fluminis
1972 1512 2020 1544 eis
2036 1522 2106 1544 non

257 1569 391 1605 poterat
405 1563 611 1607 prohybere.
650 1564 813 1606 Regebat
837 1571 949 1596 autem
972 1570 1054 1596 tunc
1077 1564 1288 1596 Christianos
1310 1565 1487 1608 Johannes
1509 1576 1572 1597 rex
1591 1565 1908 1604 ierosolimitanus²,
1932 1564 1983 1596 vir
2006 1564 2105 1597 'stre-

256 1627 343 1648 nuus
378 1623 412 1648 et
435 1616 546 1648 forma
567 1627 630 1659 pre
653 1616 729 1648 filiis
756 1617 930 1649 hominum
961 1617 1146 1659 speciosus,
1175 1623 1210 1650 et
1236 1618 1396 1660 magister
1427 1618 1601 1661 Pellagius
1632 1624 1749 1650 sancte
1779 1628 1919 1650 romane
1948 1618 2105 1650 Ecclesie

257 1669 470 1701 cardinalis³.

1049 1751 1270 1784 MCCXVHI
1271 1753 1302 1795 J.

348 1830 387 1861 In
410 1830 480 1862 istis
503 1830 712 1873 temporibus
727 1837 805 1873 post
822 1830 972 1874 longam'
989 1837 1023 1863 et
1040 1831 1243 1863 laboriosam
1260 1831 1473 1864 obsidionem
1491 1832 1662 1864 exercitus
1678 1832 1946 1865 Christianorum
1963 1831 2106 1863 obtinuit

255 1883 476 1923 Damiatam⁴‚
500 1894 567 1927 que
591 1891 642 1917 est
666 1884 700 1915 in
722 1885 860 1928 Egypto
885 1895 987 1927 super
1010 1885 1138 1917 fluenta
1169 1885 1250 1923 Nili,
1275 1885 1333 1928 qui
1357 1896 1377 1917 a
1400 1885 1523 1929 Moyse
1549 1886 1648 1918 Geon
1676 1886 1710 1917 in
1742 1885 1878 1917 Genexi
1903 1885 2104 1927 appellatur.

256 1935 389 1969 Eodem
412 1943 568 1980 tempore
592 1938 776 1980 imperator
800 1938 887 1971 Octo
913 1938 996 1971 obiit
1010 1938 1032 1970 ⁵.

1087 2035 1270 2068 MCCXX.

343 2114 533 2149 Federicus
555 2116 728 2148 secundus
750 2127 812 2148 rex
837 2115 952 2148 Sicilie
978 2121 1011 2147 et
1033 2114 1161 2158 Apulie
1186 2122 1220 2147 et
1243 2115 1313 2147 dux
1345 2115 1470 2148 Suavie
1502 2116 1712 2148 dessendens
1743 2115 1923 2147 Alemania
1950 2115 2009 2147 ivit
2031 2115 2105 2147 Ro-

255 2181 353 2208 mam,
378 2176 411 2201 et
435 2169 490 2200 die
516 2178 608 2200 xvm
633 2169 758 2200 mensis
781 2168 885 2200 madii
909 2168 1045 2210 accepit
1069 2178 1231 2200 coronam
1255 2168 1388 2210 imperii
1412 2179 1432 2199 a
1455 2179 1547 2211 papa
1576 2168 1731 2200 Honorio
1764 2169 1798 2199 in
1829 2168 1884 2200 die
1916 2168 2017 2200 beate
2048 2167 2105 2200 Ci-

255 2221 366 2260 cilie⁶;
392 2221 518 2253 deinde
534 2222 569 2253 in
585 2231 729 2264 regnum
745 2220 872 2263 Apulie
890 2221 1036 2260 intravit,
1053 2226 1087 2252 et
1108 2221 1300 2253 interfectis
1317 2227 1351 2253 et
1367 2221 1515 2263 expulsis
1531 2221 1728 2260 rebellibus,
1745 2221 1855 2263 ipsum
1871 2220 1935 2253 sibi
1957 2220 2105 2252 feliciter

255 2274 455 2317 subiugavit.
501 2274 579 2316 Ipse
605 2275 648 2306 de
665 2273 837 2306 montibus
854 2273 971 2306 Sicilie
987 2273 1169 2316 pergravia
1185 2273 1354 2306 bellorum
1370 2273 1526 2316 pericula
1543 2274 1707 2316 depoxuit
1728 2274 1930 2312 Saracenos,
1947 2279 1981 2305 et
1998 2278 2107 2304 trans-

256 2329 372 2360 ferens
396 2338 455 2360 eos
478 2328 513 2359 in
535 2327 708 2370 Apuliam,
732 2328 818 2360 fecit
841 2328 933 2369 ipsos
956 2327 991 2358 in
1015 2327 1151 2359 civitate
1175 2327 1314 2359 Nucere
1340 2328 1529 2360 comuniter
1553 2327 1719 2360 habitare.

344 2455 368 2480 5.
381 2449 510 2481 clangore
523 2450 557 2472 da
570 2449 663 2480 Mum
676 2449 793 2481 langore
805 2449 829 2472 A
837 2458 848 2476 ,·
857 2449 901 2480 gli
913 2449 1008 2473 ANK:
1028 2448 1151 2473 terribili
1170 2449 1372 2481 predicationis
1391 2450 1524 2481 clangore
1537 2462 1548 2468 -
1561 2447 1730 2480 excitarunt]
1752 2450 1924 2474 extimarunt
1941 2447 1965 2472 A
1975 2457 1986 2476 ,·
1999 2447 2103 2471 excita-

259 2492 325 2515 runt
344 2491 422 2516 Mun.
443 2491 517 2522 dagli
534 2491 611 2515 Amr.
632 2505 664 2508 —
684 2499 709 2524 9.
727 2490 899 2522 sanctorum]
921 2497 1017 2515 eorum
1037 2491 1063 2514 B
1081 2498 1094 2513 e
1113 2490 1191 2516 Mm-

348 2565 354 2580 1
375 2567 532 2590 Innocenzo
552 2566 592 2590 111
611 2564 683 2591 mori
703 2567 747 2590 nel
765 2567 869 2598 giorno
888 2565 904 2590 6
918 2566 947 2590 di
960 2566 1057 2598 luglio.
1078 2566 1155 2591 Ono·
1209 2567 1313 2591 Annali
1330 2567 1454 2591 d'ltah‘a.
1492 2566 1669 2592 Sull'assedio
1689 2567 1719 2591 di
1737 2566 1869 2591 Damiata
1889 2565 1984 2590 vedasi
2003 2566 2029 2590 la
2048 2573 2106 2589 mo-

260 2606 303 2630 rlo
324 2607 362 2630 111
380 2605 410 2630 fu
429 2608 524 2631 creato
544 2607 592 2630 nei
612 2612 626 2638 7
645 2606 732 2639 luglio
756 2606 832 2631 1216.
927 2605 932 2611 ”
1209 2609 1334 2640 nografia
1353 2609 1383 2632 di
1402 2610 1579 2639 Hooeewee,
1597 2609 1655 2632 Der
1673 2608 1814 2639 Kreuzsng
1830 2615 1879 2631 von
1897 2608 2041 2634 Damiette,
2060 2607 2107 2630 in:

347 2646 357 2662 ‘³
378 2647 523 2672 Giovanni
541 2648 569 2672 di
592 2649 719 2678 Brienne,
741 2650 834 2672 morto
855 2648 901 2672 nel
922 2654 998 2680 1237,
1018 2648 1047 2673 fu
1068 2648 1156 2673 anche
1209 2650 1299 2674 Mittlz.
1321 2651 1365 2674 des
1389 2651 1512 2674 hzstz'tuts
1528 2649 1585 2680 stit·
1609 2653 1699 2675 artcrr.
1728 2648 2034 2680 Geschiclztgforschmtg,
2059 2648 2108 2678 IX,

259 2691 356 2721 poeta3
370 2688 405 2714 cf·
426 2690 542 2713 Histoire
561 2690 641 2714 lz'tte'r.
663 2691 694 2713 de
713 2690 739 2713 la
757 2691 871 2719 France,
891 2690 994 2720 XXIII,
1013 2689 1073 2721 638.
1111 2690 1159 2719 Uni
1212 2692 1289 2722 1888,
1308 2700 1336 2724 p.
1358 2691 1417 2722 162,
1437 2693 1459 2716 il
1478 2693 1556 2724 quale
1576 2699 1689 2716 osserva
1708 2692 1757 2716 che
1774 2692 1800 2715 le
1817 2690 1894 2716 fonti
1913 2698 1969 2714 non
1989 2690 2108 2714 s'accor-

258 2740 309 2756 suo
330 2732 558 2763 componimento
578 2733 697 2756 italiano
717 2730 731 2756 ὲ
750 2734 905 2758 contenuto
924 2732 969 2756 nel
989 2733 1051 2757 cod.
1072 2733 1156 2757 vatic.
1210 2735 1284 2758 dano
1303 2735 1378 2759 tutte
1397 2735 1442 2758 nel
1461 2741 1578 2766 segnare
1596 2734 1623 2757 la
1642 2740 1723 2766 presa
1742 2734 1771 2758 di
1796 2734 1929 2758 Damiata
1947 2733 1972 2756 al
1992 2729 2110 2756 martedl

260 2779 337 2805 3793,
357 2774 488 2803 Monam,
514 2774 647 2802 Cressam„
665 2774 686 2803 1!
707 2780 749 2805 70-
1211 2780 1224 2806 5
1245 2776 1405 2800 novembre.

347 2814 358 2829 3
377 2815 492 2847 Pelagio
517 2815 644 2840 Galvano
668 2817 841 2848 portoghese,
869 2824 989 2841 vescovo
1015 2816 1156 2841 d'Albano
1299 2815 1310 2832 5
1330 2817 1436 2842 Ottone
1449 2817 1488 2841 IV
1503 2817 1672 2849 imperatore
1685 2814 1757 2841 mori
1768 2818 1796 2841 in
1808 2817 1965 2848 Hartzburg
1978 2817 2024 2840 nel
2037 2823 2068 2847 19
2080 2816 2109 2839 di

259 2865 273 2880 e
293 2857 383 2888 legato
402 2856 560 2888 pontificio.
598 2856 672 2881 Mori
698 2858 728 2881 in
748 2858 958 2882 Montecassino
985 2858 1004 2881 il
1030 2864 1062 2888 29
1087 2865 1158 2889 gen·
1211 2858 1324 2890 maggio
1345 2858 1387 2882 del
1408 2859 1484 2884 1218.
1523 2859 1629 2887 Questa
1649 2860 1755 2883 notizia
1774 2866 1872 2883 manca
1891 2859 1964 2890 negli
1982 2857 2108 2881 Annales.

260 2902 326 2924 naio
349 2907 424 2932 1240.
445 2901 490 2925 GA
519 2907 539 2930 s,
559 2901 646 2924 Series
664 2901 862 2933 Epist-operum,
882 2910 910 2934 p.
931 2908 1005 2926 xxn.
1300 2899 1311 2915 ⁶
1332 2908 1363 2925 22
1384 2901 1535 2926 novembre
1558 2907 1632 2930 1220,
1655 2900 1697 2925 ne]
1717 2901 1780 2933 qual
1800 2902 1902 2932 giorno
1917 2900 1982 2924 cade
1997 2900 2021 2924 la
2035 2899 2108 2923 festa

347 2940 358 2956 ⁴¹
378 2943 513 2966 Damiata
531 2942 558 2965 fu
578 2949 657 2975 presa
677 2943 723 2966 nel
737 2944 838 2975 giorno
854 2948 867 2974 5
882 2943 912 2968 di
926 2943 1086 2968 novembre.
1112 2942 1155 2968 Ct'.
1211 2943 1239 2967 di
1260 2944 1339 2967 santa
1360 2943 1474 2968 Cecilia.

2134 837 2172 868 10

2135 1213 2171 1245 15

2130 1566 2172 1597 20

2129 1883 2170 1916 25

2130 2221 2172 2252 30

2139 2857 2171 2874 20
