2307 3592
73 590 90 620 §ss

53 889 90 918 10

52 1141 87 1172 15

43 1710 61 1739 to·

65 1707 82 1739 Ut

47 2440 78 2458 10

45 2647 74 2673 15

43 2855 77 2873 20

117 254 200 289 [AA.
222 256 417 289 1239-1241]
755 251 1067 287 CHRONICON
1094 253 1323 290 ESTENSE
1916 260 1926 292 l
1939 258 1955 295 7

115 379 214 411 dibus
230 379 461 420 Imperatoris,
478 380 695 420 recuperavit
717 379 845 411 Arcem
863 386 1042 419 estensem,
1060 382 1209 414 Baonem
1220 384 1240 422 ¹,
1265 383 1389 416 Cerum
1403 384 1414 402 2
1439 390 1473 416 et
1498 395 1559 426 per
1583 386 1796 418 obsidionem
1814 387 1960 419 obtinuit

117 432 326 464 Calahonem
333 431 354 463 ³.
378 431 424 463 Et
440 432 489 463 sic
506 432 647 473 incepta
659 439 711 464 est
724 442 847 476 guerra
863 433 1064 474 periculoxa
1080 446 1141 476 per
1153 433 1345 468 Marchiam
1357 438 1559 471 universam.
1585 440 1773 481 Imperator
1788 440 1831 472 de
1846 446 1960 473 cetero

117 485 151 516 in
175 484 306 517 cunctis
331 484 526 516 civitatibus
542 485 656 516 Ytalie
673 495 790 518 omnes
807 486 935 518 amicos
951 487 1166 519 Marchionis
1183 490 1324 520 estensis
1341 496 1374 521 et
1391 492 1526 523 comitis
1543 491 1662 524 Sancti
1677 492 1850 524 Bonefatii
1869 494 1960 534 cepit

116 537 244 569 habere
261 547 380 570 exosos
396 537 526 578 pariter
542 543 576 569 et
593 543 784 579 suspectos3
809 545 942 580 partem
958 549 1040 572 vero
1058 540 1277 584 Salinguerre
1296 548 1329 574 et
1346 543 1494 575 Ecellini
1509 544 1635 587 ubique
1652 545 1784 586 incepit
1801 545 1959 588 diligere.

204 590 338 621 Eodem
363 595 527 631 tempore.
552 590 787 623 Bononienses
811 592 845 622 in
872 591 1034 624 comitatu
1057 593 1203 632 Mutine,
1221 594 1256 624 in
1283 594 1360 626 loco
1384 595 1442 627 ubi
1467 596 1592 628 dicitur
1609 596 1760 640 Vignola
1773 597 1794 635 ⁴,
1814 597 1961 629 conflicti

116 643 255 674 fuerunt
276 654 296 674 a
319 643 571 675 Mutinensibus
595 649 629 676 et
653 644 903 683 Parmensibus‚
921 650 954 677 et
970 646 1095 678 mortui
1114 652 1147 679 et
1170 647 1339 679 vulnerati
1356 654 1390 680 et
1408 649 1500 690 capti
1518 649 1655 682 fuerunt
1672 661 1714 682 ex
1732 650 1781 681 eis
1804 650 1839 681 in
1855 651 1961 682 maxi-

115 705 170 726 ma
193 694 383 737 quantitate
398 694 417 726 ⁷¹.

950 769 1125 802 MCCXL.

202 838 306 870 Circa
329 839 591 872 conversionem
615 840 724 871 sancti
747 839 845 871 Pauli
871 845 1004 872 cometa
1027 850 1145 872 versus
1170 840 1389 873 occidentem
1414 843 1580 883 apparuit.

202 889 241 920 In
264 889 330 921 illis
344 889 466 921 diebus
484 900 560 922 cum
578 889 645 921 iam
661 890 713 921 vir
729 890 978 932 magnanimuS,
1003 890 1206 933 Phylyppus
1223 891 1407 932 episcopus
1430 892 1626 924 serasiensis
1635 892 1656 931 ⁶,
1683 900 1804 925 contra
1827 895 1962 935 sapien-

113 939 277 971 tissimum
302 940 569 983 Salinguerram,
594 941 652 982 qui
676 940 917 972 dominabatur
947 941 1115 980 Ferrarie,
1138 952 1201 983 pro
1233 942 1393 974 Ecclesia
1416 943 1627 982 rebellasset,
1652 943 1897 987 Bragantinum
1929 951 1963 976 et

113 990 336 1022 Bondenum⁷
359 991 505 1022 viriliter
527 996 739 1032 occupasset,
757 990 918 1022 Venetici
943 1001 1020 1022 cum
1037 993 1191 1023 exercitu
1208 1002 1332 1035 magno
1357 999 1391 1024 et
1415 992 1652 1025 Bononienses
1676 1001 1710 1026 et
1725 996 1905 1027 Mantuani
1929 1001 1962 1026 et

112 1040 217 1072 multa
233 1041 353 1073 militia
375 1041 691 1073 Mediolanensium
714 1052 792 1073 cum
817 1041 954 1074 domino
979 1041 1151 1085 Gregorio
1177 1043 1219 1075 de
1242 1043 1481 1087 Montelungo‚
1505 1045 1596 1076 sedis
1620 1045 1810 1087 apostolice
1832 1047 1961 1089 legato,

114 1097 282 1122 venerunt
304 1091 339 1122 in
371 1092 536 1123 auxilium
559 1091 772 1123 Marchionis
806 1092 948 1123 estensis
980 1098 1013 1123 et
1037 1092 1239 1124 obsiderunt
1262 1094 1447 1133 Ferariam‚
1472 1105 1573 1136 quam
1598 1095 1660 1127 sub
1693 1097 1840 1138 quadam
1865 1107 1959 1128 com-

112 1142 292 1183 positionis
314 1142 423 1184 spetie
440 1149 517 1184 post
533 1148 679 1184 quatuor
695 1152 830 1174 menses
846 1142 1047 1174 habuerunt.
1072 1143 1327 1175 Nichilominus
1344 1150 1459 1176 tamen
1476 1145 1713 1188 Salingueram
1732 1153 1868 1188 captum
1886 1148 1955 1178 dux
1987 1180 1995 1193 ,s

112 1192 260 1234 Jacobus
277 1193 452 1234 Teopolus
476 1193 640 1225 Venetias
664 1203 781 1224 secum
804 1193 913 1230 duxit,
930 1192 989 1224 ubi
1006 1203 1112 1235 usque
1128 1193 1172 1225 ad
1189 1194 1281 1225 diem
1297 1195 1415 1226 mortis
1433 1195 1501 1227 fuit
1523 1196 1559 1226 in
1578 1206 1717 1228 carcere
1736 1198 1923 1230 custoditus
1937 1198 1957 1230 ⁸.

201 1243 368 1286 Sequenti
391 1250 544 1285 tempore
568 1243 603 1274 in
634 1253 751 1275 mense
775 1243 909 1285 augusti
940 1243 1086 1275 audiens
1102 1244 1304 1285 Imperator,
1330 1255 1403 1276 esse
1436 1253 1606 1278 mortuum
1638 1247 1781 1278 Paulum
1812 1248 1959 1280 Traver-

111 1294 235 1326 sarium
259 1294 435 1326 dominum
458 1294 637 1332 Ravenne,
662 1293 810 1325 amicum
834 1294 988 1325 intimum
1021 1293 1244 1333 Marchtonis,
1270 1295 1376 1326 exivit
1401 1296 1445 1328 de
1469 1296 1605 1338 Apulea
1630 1308 1707 1329 cum
1731 1299 1894 1336 exercitu,
1928 1307 1961 1331 et

111 1344 206 1377 venit
221 1351 254 1377 et
267 1345 401 1377 obsedit
416 1345 630 1377 Ravennam.
663 1345 743 1382 Qua
759 1350 860 1385 capta
868 1344 890 1382 ⁹,
909 1345 1055 1376 accessit
1067 1344 1275 1377 Favenciam
1289 1352 1323 1377 et
1337 1356 1410 1377 eam
1424 1346 1557 1379 obsedit
1574 1350 1764 1380 cunstantia
1781 1350 1959 1382 obstinata.

198 1395 331 1427 Eodem
359 1395 546 1427 millesimo.
570 1395 722 1437 Jacobus
747 1395 790 1426 de
815 1394 954 1427 Cataria
979 1401 1097 1436 captus
1120 1396 1156 1427 in
1181 1402 1293 1428 castro
1318 1395 1463 1439 Agne¹⁰,
1488 1408 1507 1429 a
1533 1398 1690 1431 Tebaldo
1715 1400 1902 1432 Francisco
1927 1402 1959 1432 in

110 1446 222 1478 medio
247 1446 379 1490 augusti
396 1445 532 1487 accepit
548 1445 754 1477 sententiam
772 1445 964 1487 capitalem.
990 1446 1034 1477 Et
1051 1446 1086 1477 in
1103 1447 1258 1489 sequenti
1274 1457 1390 1479 mense
1406 1446 1606 1480 Advocatus
1621 1451 1642 1467 ¹¹
1661 1455 1780 1491 captus
1795 1450 1830 1481 in
1847 1457 1958 1483 castro

109 1496 237 1530 Brente
252 1496 286 1536 ¹²,
310 1497 468 1529 similiter
491 1503 542 1529 est
565 1507 585 1528 a
608 1495 766 1528 Tebaldo
782 1497 931 1538 punitus.

932 1594 1098 1627 MchL
1100 1597 1130 1638 J.

195 1657 276 1689 Post
300 1658 439 1699 longam
455 1657 672 1689 obsidionem
688 1657 880 1699 Imperator
898 1657 990 1698 cepit
1006 1657 1206 1690 Faventiam
1217 1658 1249 1690 ¹³.
1289 1659 1327 1690 In
1346 1660 1468 1692 eadem
1483 1666 1588 1692 estate
1606 1660 1724 1692 Pisani
1741 1662 1773 1693 vi
1791 1669 1957 1703 ceperunt

107 1707 192 1740 duos
217 1707 409 1740 cardinales
424 1708 447 1727 ¹⁴
471 1714 505 1740 et
522 1708 645 1740 multos
661 1708 821 1750 prelatos,
839 1709 896 1751 qui
913 1717 976 1749 per
992 1718 1084 1740 mare
1101 1709 1276 1752 TJTenum
1295 1709 1329 1740 in
1348 1710 1491 1742 navibus
1506 1711 1743 1743 Yanuensium
1767 1712 1958 1755 pergebant

108 1759 254 1790 Romam
280 1759 323 1790 ad
346 1770 478 1790 sumum
501 1759 716 1791 Pontificem.

196 1809 276 1841 Non
299 1809 405 1842 multo
430 1816 596 1851 tempore,
611 1815 688 1851 post
703 1810 862 1850 predicta
878 1816 1058 1848 transacta,
1076 1810 1160 1842 obiit
1175 1821 1266 1852 papa
1284 1811 1471 1854 Gregorius
1488 1812 1638 1851 nonus¹⁵,
1657 1819 1691 1845 et
1708 1815 1844 1845 vacavit
1859 1815 1958 1846 sedes

108 1860 320 1902 appostolica
343 1860 458 1892 multis
474 1859 596 1892 diebus
612 1866 663 1892 set
679 1860 819 1892 tandem
834 1871 925 1902 papa
940 1859 1176 1899 Celestinus¹⁶,
1194 1861 1459 1894 mediolanensis
1484 1863 1634 1902 natione,
1659 1864 1724 1896 fuit
1741 1864 1882 1904 electus,
1899 1865 1956 1907 qui

107 1916 183 1952 post
207 1910 412 1943 electionem
436 1910 495 1943 vix
517 1920 611 1951 xan
634 1911 824 1953 supervixit
847 1910 978 1943 diebus.

195 2015 218 2039 6.
238 2016 266 2039 et
284 2016 346 2046 dopo
366 2015 563 2039 Pal-mensibus
577 2023 624 2039 om.
638 2017 663 2039 B
677 2017 754 2040 Mna.
775 2029 786 2033 -
796 2017 886 2046 prima
899 2017 929 2040 di
942 2017 1046 2041 mortui
1060 2018 1089 2039 in
1102 2017 1125 2040 Α
1139 2024 1198 2040 sono
1219 2016 1241 2039 le
1250 2017 1342 2046 parole
1364 2024 1467 2050 magna
1486 2018 1642 2049 quantitate
1662 2025 1766 2047 eorum,
1786 2019 1894 2043 cancell.
1912 2027 1956 2042 con

108 2065 145 2080 un
165 2058 222 2088 rigo
235 2070 246 2074 -
260 2058 288 2081 et
302 2058 394 2088 prima
413 2058 443 2080 dz'
460 2057 601 2081 vulnerati
620 2057 726 2082 cancell.
746 2059 774 2080 z'n
793 2058 816 2081 A
833 2071 864 2075 —
881 2065 920 2082 12.
936 2065 1076 2090 occupans
1089 2058 1165 2083 Mun.
1184 2072 1215 2074 —
1232 2063 1272 2088 13.
1287 2059 1315 2082 et
1328 2059 1390 2089 dopo
1411 2059 1484 2084 sedis
1498 2061 1527 2082 in
1546 2060 1569 2083 A
1584 2073 1613 2076 -
1637 2066 1677 2090 14.
1692 2059 1823 2091 quadarn]
1837 2060 1953 2092 quedam

108 2099 132 2122 A
146 2112 178 2115 —
191 2103 231 2129 15.
250 2098 418 2130 habuerunt]
438 2099 500 2122 huit
519 2099 542 2122 A
562 2112 573 2116 -
592 2100 620 2121 in
635 2107 717 2130 marg.
732 2100 762 2122 di
773 2100 796 2122 A
811 2100 841 2122 di
851 2100 922 2123 altra
936 2108 1010 2123 mano
1025 2100 1068 2123 del
1080 2104 1162 2131 tempo
1175 2107 1233 2123 sono
1248 2099 1270 2121 le
1286 2100 1377 2129 parole
1397 2103 1464 2125 nota
1482 2101 1644 2132 captionem
1665 2101 1826 2132 Salinguere
1851 2101 1954 2126 factam

107 2147 156 2173 per
176 2140 274 2164 ducem
294 2141 477 2164 venetiarum
498 2154 529 2157 -
550 2147 591 2164 20.
612 2141 692 2172 Agne
711 2142 738 2164 in
758 2141 781 2164 A
796 2142 883 2165 scritto
905 2143 1118 2172 posterior—menie
1137 2142 1207 2165 dallo
1232 2146 1308 2165 stesso
1327 2143 1423 2173 copz'sta
1440 2146 1516 2174 sopra
1535 2150 1586 2166 uno
1606 2144 1690 2173 spazio
1705 2143 1810 2166 lasciato
1824 2144 1852 2166 in
1867 2144 1955 2167 biam-0

195 2221 202 2237 1
222 2224 324 2253 Baone,
345 2222 479 2255 villaggio
498 2230 516 2248 a
534 2223 662 2247 nord-est
680 2223 709 2247 di
729 2224 804 2248 Este.

192 2263 202 2279 ‘²
223 2264 318 2294 Cerro,
338 2271 355 2288 a
374 2265 559 2289 settentrione
579 2265 608 2289 di
627 2265 701 2289 Este.

193 2305 204 2321 3
223 2307 346 2332 Calaone
363 2314 379 2331 a
398 2306 584 2331 settentrione
603 2307 633 2331 di
652 2308 729 2332 Este.

193 2346 205 2363 ⁴
225 2348 348 2380 Vignola
366 2348 478 2372 castello
497 2355 513 2372 a
527 2348 700 2372 sud-sud-est
713 2348 741 2372 di
760 2349 888 2373 Modena.
915 2350 926 2372 Ι
940 2350 1000 2373 Μο-

104 2391 201 2416 denesi
221 2391 255 2415 ed.
273 2392 283 2415 ἰ
300 2391 476 2422 Parmigiani
495 2391 541 2415 coi
554 2390 616 2414 loro
630 2391 772 2423 rispettivi
787 2390 912 2424 podesta,
926 2393 1000 2416 Mar-

104 2433 166 2457 tino
177 2433 213 2458 da
222 2432 304 2457 Eboli
318 2439 332 2456 e
346 2432 459 2457 Simone
472 2434 557 2456 conte
571 2432 598 2456 di
613 2432 708 2457 Chieti
722 2432 835 2457 dieder-0
850 2441 905 2457 una
915 2441 1000 2465 grave

103 2475 234 2499 sconfitta
253 2475 279 2507 (4
298 2475 420 2506 ottobre)
447 2475 475 2499 ai
500 2474 649 2507 Bolognesi
676 2475 779 2499 intenti
798 2475 832 2499 ad
857 2475 999 2500 assediare

104 2517 167 2549 quel
179 2517 301 2541 castello.
316 2516 362 2542 Cf.
376 2516 470 2540 Chron.
486 2516 565 2543 Bon„
579 2516 636 2540 RR.
651 2517 686 2540 II.
700 2517 761 2544 851,
773 2517 874 2547 XVIII,
890 2517 1000 2540 Chroni—

103 2566 148 2582 con
160 2559 310 2586 Parmense,
323 2558 381 2581 RR.
396 2558 430 2582 Il.
447 2557 564 2587 SS.‚1X‚
582 2558 711 2581 Cronache
725 2558 895 2582 Modenesiz'n
909 2567 998 2583 monu-

104 2601 186 2623 menti
203 2601 234 2623 di
245 2600 333 2623 Storz'a
347 2601 440 2623 Patria
454 2600 520 2623 delle
532 2600 605 2624 Prov.
625 2600 695 2624 Mod.
710 2600 839 2631 Modena,
861 2600 926 2625 1888
937 2602 998 2632 XV,

109 2649 158 2673 413
172 2642 207 2667 A.
226 2642 335 2672 Pszss1,
348 2642 438 2665 Istorz'e
458 2642 598 2672 Wguolesz‘,
612 2642 741 2674 vignola,
758 2643 832 2673 1885,
847 2650 894 2676 pp.
909 2649 998 2675 ²2·²3·

191 2682 201 2698 5
222 2684 322 2708 Manca
340 2685 437 2715 questa
456 2684 563 2708 notizia
582 2685 611 2707 in
631 2684 765 2711 Annales:
785 2684 809 2707 si
827 2685 910 2708 trova
930 2685 998 2709 nelle

107 2724 252 2750 Cronache
271 2724 423 2750 modenesi.

190 2764 202 2781 Β
220 2767 333 2800 Filippo
359 2768 490 2792 Fontana
514 2775 636 2792 vescovo
661 2769 691 2792 di
717 2769 834 2793 Ferrara
860 2768 906 2793 dal
931 2775 996 2800 1²43

103 2809 129 2833 al
150 2813 227 2839 1250.
262 2809 306 2833 Fu
323 2809 418 2841 poscia
437 2816 557 2834 vescovo
579 2809 662 2834 eletto
682 2810 711 2834 di
731 2810 847 2834 Firenze
865 2810 909 2834 dal
930 2815 998 2841 1250

103 2850 130 2875 al
153 2855 218 2880 1251
240 2850 274 2874 ed
293 2851 473 2875 arcivescovo
493 2851 523 2876 di
541 2852 680 2876 Ravenna
700 2851 745 2876 dal
768 2857 833 2883 1251
857 2852 882 2876 al
903 2858 978 2884 1274.

191 2890 201 2906 7
221 2891 355 2916 Bondeno
374 2893 408 2916 ad
427 2893 570 2917 occidente
589 2893 618 2917 di
638 2894 763 2918 Ferrara.

189 2930 405 2964 SSalinguex-ra,
429 2932 536 2958 benche
559 2935 758 2965 ottuagenario
789 2942 804 2958 e
831 2935 942 2959 sornito
969 2935 996 2958 di

102 2974 191 3007 poche
210 2974 321 3005 milizie,
341 2976 365 2999 si
385 2975 474 3000 difese
493 2983 548 3000 con
566 2977 648 3001 tanto
668 2977 764 3001 valore
783 2977 831 3001 che
850 2977 925 3009 dagli
949 2984 997 3001 av-

103 3016 216 3046 versari,
235 3016 311 3049 dopo
337 3017 452 3048 quattro
471 3018 540 3042 mesi
563 3017 713 3048 d'assedio,
731 3018 771 3050 gli
791 3018 896 3043 furono
910 3018 996 3042 infine

260 3122 293 3146 T.
311 3122 372 3152 XV,
392 3130 418 3155 p.
438 3129 475 3147 111
495 3135 527 3139 —
547 3129 570 3149 2.

1052 2224 1123 2248 fatte
1143 2227 1276 2257 proposte
1290 2225 1320 2249 di
1333 2233 1400 2256 pace
1412 2224 1511 2256 ch’egli
1530 2224 1648 2254 accettb,
1663 2232 1707 2249 ma
1720 2225 1769 2257 poi
1783 2232 1837 2249 con
1852 2226 1952 2257 ingan·
2002 2232 2012 2253 ς

1053 2274 1089 2290 no
1104 2274 1118 2289 e
1130 2274 1184 2290 con
1200 2266 1328 2290 violenza
1346 2266 1377 2290 fu
1393 2266 1465 2290 fatto
1480 2266 1657 2298 prigioniero
1671 2273 1684 2289 e
1698 2265 1833 2290 condotto
1848 2274 1880 2290 su
1896 2275 1952 2291 una

1054 2316 1126 2332 nave
1144 2315 1160 2332 a
1179 2309 1311 2332 Venezia.
1349 2308 1391 2332 Ivi
1411 2308 1447 2331 fin
1467 2309 1516 2332 che
1535 2308 1608 2332 visse
1628 2307 1658 2332 fu
1672 2309 1831 2332 trattenuto
1851 2316 1952 2332 onore-

1054 2350 1194 2374 volmente
1207 2357 1221 2374 e
1240 2351 1314 2383 dopo
1329 2352 1421 2375 morto
1431 2350 1463 2374 fu
1475 2351 1583 2383 sepolto
1594 2357 1646 2374 con
1659 2350 1764 2381 grande
1780 2357 1867 2374 onore
1881 2352 1951 2375 nella

1053 2392 1147 2416 chiesa
1161 2392 1191 2416 di
1204 2399 1254 2416 san
1268 2392 1385 2416 Niccolo
1399 2393 1428 2416 di
1441 2392 1524 2416 Lido.
1539 2391 1613 2416 Mori
1627 2399 1708 2416 verso
1724 2392 1744 2416 il
1760 2396 1837 2422 1245.
1852 2392 1898 2417 Cf.
1914 2393 1949 2417 A.

1054 2434 1162 2463 Fn1zz1,
1181 2433 1225 2465 Op.
1247 2435 1290 2458 cit.
1302 2435 1356 2458 vol.
1368 2434 1415 2463 ΙΙΙ,
1428 2442 1473 2466 pp.
1490 2440 1611 2465 ¹²9·131·

1141 2474 1152 2490 ⁹
1172 2476 1304 2500 Federlco
1325 2483 1402 2508 prese
1420 2475 1556 2500 Ravenna
1576 2477 1596 2500 il
1616 2482 1647 2500 22
1669 2478 1778 2507 agostO.

1132 2516 1153 2532 ¹⁰
1172 2519 1257 2550 Agna
1269 2516 1283 2541 ὲ
1295 2518 1438 2542 rieordato
1455 2519 1483 2541 in
1498 2525 1535 2542 un
1550 2517 1717 2541 documento
1732 2517 1773 2541 del
1787 2517 1874 2549 lnglio
1890 2524 1949 2550 970.

1053 2559 1096 2584 Cf.
1117 2559 1240 2589 Gmnn,
1263 2559 1322 2583 Cod.
1343 2559 1416 2590 Dlpl.
1438 2560 1515 2586 Pad.,
1535 2559 1595 2584 doc.
1615 2558 1657 2589 56,
1678 2568 1703 2592 p.
1723 2560 1766 2584 82.

1130 2599 1150 2616 ¹¹
1170 2601 1322 2625 Avveduto
1343 2601 1417 2632 degli
1436 2602 1590 2626 Avvoeati.
1609 2600 1652 2625 Cf.
1672 2602 1859 2631 ROLANDIWO,
1888 2602 1948 2626 RR.

1053 2643 1087 2666 II.
1109 2642 1169 2670 SS.,
1189 2642 1262 2672 VIII,
1283 2649 1377 2667 nuova
1396 2642 1474 2672 edi2.‚
1494 2650 1540 2675 pp.
1561 2642 1594 2673 69
1613 2650 1627 2666 e
1647 2648 1689 2674 74.

1131 2683 1153 2699 ¹²
1172 2686 1276 2709 Brenta
1295 2684 1444 2709 delvaba
1463 2684 1499 2709 ad
1519 2685 1664 2709 occidente
1679 2686 1708 2709 di
1729 2685 1879 2717 Chioggia.

1130 2725 1151 2742 ¹3
1172 2727 1279 2751 Faenza
1298 2727 1322 2751 si
1341 2734 1433 2751 ari-ese
1452 2727 1499 2750 all’
1507 2727 1680 2758 Imperatore
1693 2729 1721 2752 ai
1742 2735 1774 2759 14
1794 2735 1811 2752 o
1824 2729 1851 2751 ai
1874 2733 1902 2758 15
1920 2728 1949 2751 di

1052 2768 1149 2801 aprile.
1170 2768 1216 2793 Cf.
1235 2768 1404 2798 ΜυκΑ-Γοῐυ,
1422 2767 1525 2790 Annali
1543 2767 1666 2795 d'Italia,
1686 2769 1721 2792 ad
1740 2775 1765 2792 a.

1129 2808 1153 2825 ¹4
1171 2810 1272 2842 Iacopo
1294 2810 1424 2834 Pecorari
1443 2810 1584 2835 cardinale
1604 2817 1723 2835 vescovo
1739 2811 1769 2834 di
1792 2811 1949 2835 Palestrina

1051 2859 1065 2875 e
1085 2852 1190 2877 Ottone
1209 2851 1349 2875 cardinale
1370 2851 1399 2875 di
1413 2851 1469 2876 San
1484 2851 1599 2876 Niccolo
1614 2853 1644 2875 in
1658 2852 1783 2877 Carcere.
1821 2853 1849 2877 Si
1865 2854 1949 2877 tratta

1052 2893 1126 2917 della
1144 2893 1281 2926 battaglia
1299 2892 1369 2917 della
1387 2893 1505 2917 Meloria
1525 2893 1550 2925 (3
1571 2893 1704 2925 maggio).

1130 2933 1152 2950 ¹5
1173 2941 1205 2959 22
1225 2936 1335 2966 agusto.

1129 2974 1151 2991 ¹5
1171 2976 1313 3002 Celestino
1332 2976 1371 3000 IV
1391 2977 1473 3001 eletto
1493 2977 1512 3000 il
1527 2982 1558 3007 25
1574 2977 1695 3007 ottobre,
1709 2979 1801 3002 morto
1816 2977 1834 3002 il
1852 2985 1882 3001 10
1895 2986 1946 3001 no-

1051 3018 1171 3042 vembre.

1976 2863 2010 2887 40
