2307 3592
76 581 93 612 υι

54 835 92 866 10

53 1087 88 1118 15

47 1410 88 1441 20

43 1674 61 1703 tx)

66 1670 82 1703 Ut

40 2459 80 2490 40

43 3021 75 3040 10

125 254 206 288 [ΑΛ.
229 255 422 288 1245-1246]
753 250 1067 287 CHRONICON
1094 250 1263 286 ESTEN
1267 251 1325 287 SE
1912 252 1954 285 19

118 379 216 417 mala,
240 388 305 420 que
329 379 464 411 fecerat
496 386 614 412 contra
637 380 838 419 Ecclesiam,
870 381 1089 413 Innocentius
1111 392 1202 423 papa
1233 380 1386 413 residens
1410 382 1444 413 in
1470 381 1624 418 consilio,
1656 379 1700 412 de
1725 390 1892 412 consensu
1923 387 1957 412 et

118 429 259 461 consilio
283 429 492 471 prelatorum
517 436 551 462 et
575 430 676 463 totius
700 431 832 463 consilii
856 431 996 473 protulit
1020 438 1138 464 contra
1162 430 1365 464 Federicum
1389 430 1612 474 depositionis
1636 430 1849 469 sententiam,
1867 431 1951 463 iuste

117 479 247 521 pariter
271 485 305 511 et
330 485 525 512 constanter
541 482 561 513 ¹.
608 482 731 514 Forma
755 482 869 524 itaque
893 482 1067 514 sentencie
1084 482 1217 524 prolate
1231 493 1251 513 a
1266 493 1395 514 summo
1412 482 1587 514 Pontefice
1611 482 1675 513 ista
1698 481 1775 513 fuit:
1800 481 1956 523 Volentes,

118 529 236 572 inquid
260 530 465 571 apostolicus
489 531 638 564 dz'vinam
661 533 857 564 sententiam
884 536 1077 575 preponere
1107 533 1266 564 sententie
1295 537 1415 574 nostre,
1444 533 1680 564 denunciamus
1711 531 1913 563 Federicum
1937 543 1957 563 α

118 580 191 612 Deo
215 581 496 613 excomunicatum
521 587 554 613 et
577 583 763 626 depositum
788 584 827 614 ab
851 584 944 614 omni
962 583 1086 615 honore
1110 583 1260 626 Imperii
1279 588 1380 626 atque
1404 583 1557 625 Regni&

204 630 289 662 Cum
312 632 469 672 predicta
486 633 606 664 fierent
623 633 715 674 apud
731 631 948 675 Lugdim'um,
973 634 1159 675 Imperator
1175 634 1314 665 veniens
1337 634 1510 666 Veronam
1529 644 1604 665 cum
1622 632 1689 664 filio
1709 643 1769 664 suo
1794 632 1953 664 Conrado

117 688 150 713 et
174 692 251 713 cum
275 682 476 724 quibusdam
500 683 711 726 principibus
735 683 912 715 Alemanie
937 690 971 715 et
994 685 1179 716 baronibus
1194 684 1399 717 Lombardie
1417 684 1479 715 sibi
1496 683 1698 721 faventibus,
1715 683 1856 724 solepne
1874 693 1955 715 con-

117 732 270 774 loquium
295 732 491 764 celebravit.
541 733 622 772 Quo
646 734 751 772 facto,
776 734 935 766 simulans
959 744 995 766 se
1019 735 1115 766 simul
1141 745 1216 766 cum
1240 735 1399 767 Conrado
1424 735 1492 766 filio
1517 744 1577 766 suo
1602 733 1691 765 velle
1715 733 1759 765 ad
1780 733 1954 765 consilium

115 793 312 825 properare,
337 784 395 815 ivit
418 794 524 826 usque
548 785 752 822 Taurinum;
777 785 834 817 ubi
857 786 965 827 primo
991 784 1118 817 audivit
1142 792 1262 818 contra
1285 796 1321 817 se
1345 785 1567 827 depositionis
1589 784 1789 816 sententiam
1806 785 1955 826 promul-

115 841 239 877 gatam.
287 835 388 867 Tunc
411 845 568 867 reversus
592 841 643 867 est
666 836 879 874 Cremonam,
897 837 1011 879 ibique
1029 836 1170 878 negotia
1182 836 1321 877 Imperii
1339 834 1518 873 ordinavit,
1542 841 1620 876 post
1643 835 1708 866 hec
1732 834 1765 865 in
1786 833 1954 876 Apuleam

116 885 234 929 'quam
259 885 358 918 citius
382 892 432 918 est
454 896 639 929 regressus,
664 892 698 918 et
721 886 916 918 Conradum
931 886 1095 918 velociter
1119 886 1152 917 in
1177 885 1398 917 Alemaneam
1415 884 1604 916 destinavit.

202 935 449 978 Sagacissimus
473 946 554 969 vero
579 936 772 968 Inocentius
796 947 887 978 papa
910 937 1034 968 direxit
1065 937 1099 967 iu
1130 935 1351 967 Alemaneam
1376 935 1520 966 nuncios
1551 935 1595 966 ad
1626 934 1830 967 monendum
1862 935 1955 976 prin-

116 986 221 1028 cipes,
244 992 281 1017 ut
305 986 471 1029 eligerent
495 986 641 1029 aliquem
665 992 838 1018 strenuum
862 987 969 1019 virum
994 987 1038 1018 ad
1062 986 1242 1028 imperium
1259 984 1529 1029 gubernandum.
1575 985 1675 1016 Tunc
1708 985 1950 1016 convenientes

115 1036 158 1069 ad
183 1043 311 1069 tantum
334 1037 508 1080 negotium
531 1038 774 1080 peragendum,
806 1037 974 1080 eligerunt
997 1037 1104 1069 virum
1136 1037 1366 1078 captholicum
1390 1042 1562 1067 strenuum
1587 1034 1736 1066 nobilem
1766 1035 1953 1076 sapientem

114 1088 296 1131 benignum
320 1094 354 1119 et
382 1093 603 1126 constantem,
620 1088 848 1130 Langravium
865 1088 908 1120 de
932 1086 1122 1130 Turingia²
1145 1087 1220 1119 Deo
1245 1093 1278 1118 et
1308 1086 1498 1119 hominibus
1513 1086 1706 1129 gratiosum.
1754 1085 1815 1117 Ille
1843 1091 1955 1117 autem

114 1137 274 1170 electioni
297 1137 341 1169 de
365 1147 402 1169 se
425 1138 519 1169 facte
544 1147 716 1169 assensum
741 1137 893 1179 prebuit3
911 1139 1125 1170 incuntanter
1142 1143 1290 1179 paratus,
1308 1137 1428 1169 intuitu
1445 1137 1559 1169 divine
1575 1136 1759 1168 maiestatis
1777 1145 1877 1167 omne
1893 1145 1956 1177 pe-

114 1188 257 1220 riculum
280 1199 343 1230 pro
368 1188 525 1220 Ecclesia
549 1194 583 1220 et
606 1198 643 1220 re
667 1188 807 1231 publica
837 1189 1037 1221 substinere.
1084 1189 1129 1221 Et
1151 1188 1199 1220 sic
1225 1193 1343 1220 contra
1373 1186 1641 1228 potentissimum
1664 1185 1868 1218 Federicum
1899 1195 1956 1216 su-

111 1240 220 1284 scepit
243 1239 401 1273 alacriter
425 1246 459 1272 et
484 1238 646 1272 audacter
670 1240 767 1282 regni
790 1239 979 1273 Alemanee
1005 1241 1185 1283 dyadema.

916 1337 1116 1370 MCCXLV
1119 1338 1148 1380 J.

198 1409 410 1452 Langravius
434 1418 494 1440 rex
517 1408 704 1440 Alemanee
730 1409 953 1452 congregavit
977 1407 1162 1440 exercitum
1180 1407 1355 1449 copiosum
1373 1405 1536 1438 adversus
1552 1405 1748 1438 Conradum
1765 1404 1870 1436 filium
1888 1405 1954 1437 Fe-

111 1461 227 1494 derici.
274 1461 338 1494 Cui
362 1461 418 1492 ille
442 1461 476 1492 in
500 1472 601 1493 manu
625 1461 739 1494 valida
763 1461 896 1493 occurit
920 1461 1107 1494 audaciter.
1155 1460 1243 1492 Inito
1267 1460 1369 1502 igitur
1392 1459 1589 1498 certamine,
1613 1457 1793 1491 Conradus
1809 1456 1954 1489 admissa

109 1513 323 1546 multitudine
348 1514 502 1553 militum,
525 1515 581 1546 vix
606 1524 682 1545 cum
706 1514 824 1556 paucis
842 1514 964 1552 evaxit,
982 1524 1083 1558 quern
1106 1513 1170 1545 nisi
1187 1513 1373 1545 sceleratus
1389 1522 1450 1544 rex
1473 1511 1639 1544 Baverie4
1662 1511 1876 1553 suscepisset,
1894 1510 1956 1541 im-

108 1576 236 1599 memor
258 1567 363 1609 patris
379 1567 461 1606 sui⁵,
479 1578 498 1598 a
513 1568 541 1599 F
544 1565 681 1599 ederico
699 1577 761 1609 per
777 1567 960 1599 assessinos
976 1566 1160 1606 interfecti,
1177 1565 1389 1608 Langravius
1409 1575 1487 1596 eum
1504 1564 1548 1596 de
1565 1564 1754 1596 Alemanea
1771 1564 1953 1606 effugasset.

107 1619 147 1651 In
169 1620 325 1662 predicto
350 1619 449 1662 igitur
464 1620 573 1662 prelio
591 1625 625 1651 et
640 1619 675 1651 in
691 1620 765 1652 aliis
781 1620 926 1663 negotiis
951 1620 1109 1652 Ecclesie
1126 1620 1162 1651 in
1179 1619 1403 1651 Theotonicis
1418 1618 1677 1660 pertractandis,
1695 1617 1828 1661 legatus
1860 1615 1950 1648 sedis

109 1672 320 1714 appostolice
345 1679 417 1704 erat
443 1673 495 1704 vir
518 1673 751 1715 magnanimus
774 1673 977 1716 Phylyppus
1008 1673 1138 1705 scilicet
1162 1672 1346 1714 episcopus
1377 1671 1600 1709 ferrariensis,
1633 1670 1728 1703 cuius
1752 1669 1888 1701 audatia
1919 1675 1952 1701 et

107 1725 275 1768 sagacitas
289 1725 538 1768 circumspecta
549 1732 617 1757 tam
634 1726 669 1756 in
686 1725 846 1768 captione
863 1726 1001 1757 Ferarie
1018 1736 1118 1768 quam
1133 1726 1167 1756 in
1183 1725 1284 1756 factis
1296 1724 1484 1756 Alemanee
1501 1729 1613 1765 potest
1630 1722 1863 1755 ore'omnium
1880 1731 1951 1753 me-

107 1778 170 1810 rito
196 1778 439 1811 commendari.
486 1779 553 1810 Iste
577 1789 723 1821 namque
755 1789 817 1820 pro
841 1789 981 1811 romana
1005 1779 1163 1811 Ecclesia
1190 1778 1301 1810 subire
1333 1777 1486 1819 pericula
1510 1782 1543 1809 et
1568 1776 1702 1808 labores
1725 1775 1863 1807 minime
1895 1785 1948 1806 re-

109 1831 254 1868 cusavit;
280 1831 352 1873 ipse
370 1832 456 1863 sicut
479 1842 565 1863 unus
589 1831 691 1864 levita
724 1832 807 1863 dixit
829 1832 916 1874 patri
945 1842 1006 1863 suo
1031 1838 1064 1863 et
1092 1832 1206 1863 matri:
1233 1831 1357 1863 [Vescia
1382 1841 1445 1871 2’05,
1471 1836 1505 1862 et
1528 1829 1690 1861 fratribus
1705 1828 1773 1860 suis
1789 1828 1952 1866 similiter,

109 1884 189 1925 quia
210 1890 341 1926 patrem
367 1891 400 1916 et
430 1891 570 1916 matrem
596 1891 629 1916 et
660 1885 761 1916 etiam
785 1891 944 1926 parentes
977 1885 1182 1926 contempsit
1213 1890 1247 1915 et
1279 1884 1356 1925 capi
1379 1883 1421 1914 ab
1453 1883 1663 1925 Imperatore
1687 1881 1865 1914 substinuit
1892 1891 1953 1923 pa-

107 1937 242 1975 tienter,
267 1937 398 1979 eligens
421 1937 454 1968 in
479 1937 579 1969 tantis
603 1938 765 1980 angustiis
789 1937 957 1975 Ecclesie,
982 1938 1057 1970 Deo
1081 1944 1114 1970 et
1138 1947 1268 1969 summo
1287 1935 1445 1968 Pontifici
1468 1935 1581 1977 potius
1598 1935 1750 1974 obedire,
1775 1945 1875 1976 quam
1892 1944 1952 1976 pa-

105 1994 238 2020 rentum
263 1989 449 2020 carnalium
473 1999 587 2020 amore
612 2000 632 2020 a
655 1988 787 2021 tramite
810 1989 976 2021 recedere
1000 1988 1159 2020 veritatis.

196 2038 329 2071 Eodem
360 2039 550 2071 millesimo.
583 2040 726 2071 Factum
759 2038 883 2072 accidit
910 2039 1139 2077 lacrimosum,
1170 2039 1309 2080 plenum
1326 2037 1562 2080 compassione
1592 2038 1721 2079 pariter
1753 2043 1786 2068 et
1816 2035 1946 2067 dolore.

104 2091 193 2123 Nam
217 2092 392 2124 Ecellinus
408 2093 549 2124 sathane
566 2092 727 2131 minister,
745 2092 872 2124 diaboli
889 2092 1055 2129 carnifex,
1080 2098 1213 2134 potator
1230 2091 1368 2122 humani
1383 2090 1566 2134 sanguinis,
1590 2089 1777 2121 sitibundus
1794 2089 1949 2120 inimicus

106 2144 275 2184 Ecclesie,
299 2145 527 2177 hereticorum
561 2145 743 2188 refugium,
767 2145 892 2177 malitie
924 2144 1061 2176 sedulus
1093 2144 1305 2182 adinventor,
1330 2155 1465 2176 manum
1496 2143 1590 2175 mixit
1614 2143 1657 2174 ad
1689 2141 1950 2174 desiderabilem

105 2197 281 2229 menbrum
305 2198 473 2236 Ecclesie,
497 2198 629 2230 scilicet
653 2198 787 2230 abatem
810 2204 927 2230 sancte
951 2198 1082 2240 Justine
1098 2198 1142 2229 de
1158 2196 1288 2236 Padua,
1314 2195 1527 2238 capiendum,
1552 2196 1660 2228 virum
1684 2195 1800 2237 utique
1816 2195 1949 2232 iustum,

105 2250 294 2289 honestum,
319 2250 417 2283 bonis
441 2250 591 2282 moribus
607 2251 826 2283 informatum
845 2257 878 2282 et
903 2251 996 2282 clero
1021 2257 1055 2282 et
1078 2251 1206 2292 populo
1233 2255 1399 2282 atestante
1422 2249 1603 2291 plurimum
1628 2247 1863 2280 reverendum.
1911 2247 1949 2278 In

105 2302 160 2335 die
185 2303 285 2346 igitur
316 2304 425 2335 sancti
448 2302 543 2336 Britii
568 2314 645 2336 eum
677 2314 753 2335 cum
777 2305 883 2336 fratre
915 2303 1042 2335 carnali
1076 2303 1153 2345 capi
1176 2302 1342 2345 precepit,
1375 2302 1552 2345 ipsumque
1584 2301 1729 2333 incluxit
1752 2301 1786 2332 in
1811 2310 1951 2332 carcere

107 2355 301 2394 tenebroso,
325 2356 457 2388 faciens
482 2366 559 2388 eum
583 2356 685 2388 velud
709 2355 940 2398 prodictorem
965 2356 1101 2398 Imperii
1126 2365 1203 2387 cum
1227 2355 1402 2398 diligentia
1426 2355 1598 2387 custodiri.

192 2407 325 2438 Eodem
350 2413 515 2449 tempore.
539 2407 722 2440 Albericus
747 2413 780 2439 et
804 2407 990 2439 Niccolaus
1015 2407 1057 2438 de
1082 2407 1308 2445 Lendenaria,
1333 2406 1395 2437 viri
1418 2405 1551 2438 nobiles
1576 2412 1609 2437 et
1631 2410 1789 2447 potentes
1813 2409 1848 2436 et
1864 2403 1950 2435 sicut

103 2469 186 2492 roxe
210 2460 298 2491 inter
321 2459 444 2492 milites
467 2460 623 2493 Marchie
646 2460 869 2503 refulgentes,
894 2460 1045 2492 accusati
1063 2460 1106 2491 de
1124 2458 1349 2502 prodictione‚
1375 2458 1487 2490 multis
1510 2458 1553 2490 ab
1576 2457 1732 2490 Ecellino
1749 2457 1864 2489 afflicti
1881 2463 1949 2488 tor-

104 2518 294 2545 mentorum
318 2513 500 2555 generibus
524 2513 738 2546 defecerunt.

192 2623 216 2640 2.
235 2617 297 2648 dopo
314 2617 485 2641 sententiam
505 2619 533 2640 in
554 2618 578 2641 Α
596 2625 655 2641 sonu
675 2618 697 2640 le
713 2618 803 2648 parole
824 2624 978 2650 preponere
997 2618 1132 2642 sententie
1151 2618 1247 2641 nostre
1267 2616 1404 2639 cant-ellan»
1420 2631 1449 2633 ἡ
1470 2623 1493 2647 3.
1514 2617 1541 2638 ιἰι
1557 2616 1675 2646 margine
1689 2616 1718 2637 di
1735 2615 1758 2638 A
1779 2616 1808 2637 di
1821 2621 1894 2637 mano
1913 2622 1950 2636 se-

105 2659 188 2681 riore:
203 2658 425 2683 excomunicatio
445 2659 625 2692 imperatoris
645 2673 677 2676 μ
691 2668 715 2691 4.
735 2658 922 2691 apostolicus]
942 2659 1093 2692 amplicum
1108 2660 1150 2686 A,-
1164 2657 1337 2690 apostolicus
1357 2658 1432 2689 dagli
1449 2658 1527 2682 ANN.
1542 2666 1553 2680 c
1568 2658 1601 2680 da
1620 2657 1697 2681 MCR.
1713 2670 1744 2673 —
1760 2656 1785 2681 8.
1804 2654 1899 2686 simul]
1912 2656 1949 2679 si-

104 2698 208 2723 militer
227 2699 304 2724 MUR.
319 2712 352 2717 —-
368 2706 408 2724 12.
428 2700 606 2732 monendum]
626 2701 809 2724 muniendum
827 2701 851 2723 A
868 2713 899 2717 —
917 2706 956 2730 15.
977 2702 1135 2733 ingr-avium
1150 2700 1183 2723 de
1197 2700 1328 2730 Turtigia
1346 2700 1388 2726 A,·
1403 2698 1537 2730 Tur-rigia
1551 2699 1630 2723 MUR.
1644 2711 1655 2716 -
1674 2696 1780 2729 autem]
1795 2699 1860 2722 ante
1879 2698 1902 2720 A
1918 2710 1950 2713 —

107 2739 147 2766 16.
161 2747 243 2764 omne
262 2741 342 2766 Mun.
362 2742 455 2768 ANK-z
469 2749 528 2766 esse
542 2742 565 2765 Α
581 2755 613 2759 —-
628 2748 669 2766 20.
688 2742 856 2773 Iangravius
876 2742 899 2765 A
916 2756 947 2759 —
964 2747 1006 2772 23.
1025 2742 1190 2773 langravius
1209 2741 1232 2764 Α
1253 2754 1263 2758 -
1282 2739 1356 2771 eum]
1374 2748 1435 2764 cum
1449 2740 1472 2763 Α
1487 2754 1519 2757 -
1535 2745 1574 2770 25.
1590 2741 1619 2762 ιἰι
1639 2740 1662 2763 Α
1678 2741 1768 2771 prima
1787 2740 1818 2762 di
1835 2739 1949 2763 audatia

104 2783 132 2805 vi
149 2783 161 2805 e*
181 2783 207 2806 la
221 2783 316 2813 parole
335 2784 460 2807 amicitia
478 2784 620 2807 cancellata
640 2797 672 2801 —
699 2784 741 2814 36.
761 2785 881 2808 atestate
901 2785 924 2808 A
953 2797 984 2801 —
1015 2790 1105 2815 40-41.
1126 2783 1228 2808 multos
1247 2783 1282 2807 ab
1311 2782 1435 2806 Ecellino
1456 2781 1549 2805 afflicti
1576 2782 1696 2812 tog-humo
1725 2781 1801 2812 dag-li
1824 2782 1903 2805 AN'N.
1922 2781 1945 2803 A

106 2824 182 2849 th.
197 2824 283 2847 hanno
303 2832 319 2848 a
340 2826 435 2849 multis
454 2826 579 2850 Ecellino
599 2827 626 2849 et
645 2826 679 2850 ab
699 2833 732 2850 eo
751 2826 848 2850 afflicti

190 2890 199 2907 ¹
219 2892 259 2916 La
285 2893 417 2917 sentenza
443 2893 472 2917 di
499 2894 659 2918 scomunica
684 2893 715 2917 fu
740 2894 925 2927 pronunciata
951 2895 995 2918 nel
1049 2902 1096 2925 spe
1114 2894 1145 2919 fu
1165 2894 1250 2917 eletto
1272 2893 1315 2917 nel
1333 2892 1398 2924 1246
1412 2892 1485 2924 dagli
1499 2892 1670 2917 areivescovi
1685 2892 1713 2916 di
1728 2892 1874 2924 Magonza,
1893 2891 1946 2916 Co-

107 2940 135 2957 12
155 2933 253 2965 luglio.
1050 2936 1136 2965 lonia,
1156 2936 1274 2967 Trevigi
1293 2943 1307 2959 e
1326 2935 1360 2959 da
1379 2935 1469 2959 alcuni
1489 2934 1556 2958 altri
1575 2934 1709 2967 principi.

190 2973 202 2989 ²
220 2975 302 3007 Negli
320 2976 438 2999 Annales
456 2977 483 3001 la
502 2979 633 3001 sentenza
652 2976 666 3001 ὲ
685 2977 749 3001 data
768 2985 816 3009 per
836 2979 936 3002 antero.
1138 2976 1149 2992 ⁴
1171 2978 1278 3002 Ottone
1297 2977 1332 3002 ΙΙ.

190 3014 201 3031 ³
221 3016 423 3049 Lantgravium
444 3017 476 3042 de
490 3018 627 3050 Turingia
641 3017 786 3050 (Annales).
824 3019 927 3044 Enrico
941 3020 995 3043 Ra·
1140 3018 1150 3034 5
1171 3019 1319 3043 Lodovico
1339 3019 1351 3042 Ι
1370 3018 1439 3043 duca
1459 3018 1487 3042 di
1507 3019 1634 3043 Baviera.

2030 1739 2047 1750 c.
2064 1737 2117 1755 312·

2045 896 2051 913 l
2074 901 2103 915 R„
2122 896 2155 914 311
