2307 3592
56 825 91 855 10

53 1080 88 1111 15

45 1339 86 1369 20

46 1596 86 1629 25

44 1858 85 1888 30

44 2377 85 2407 40

45 2636 84 2668 45

67 2976 79 3002 5

119 228 169 262 [Α.
190 229 284 262 1308]
749 222 1060 258 CHRONICON
1093 223 1320 260 ESTENSE
1903 226 1921 265 7
1934 229 1946 263 l

119 353 166 385 illi
190 353 233 384 de
258 351 400 384 Glarola
424 357 458 383 et
481 351 637 383 similiter
660 351 843 383 Amorotus
867 353 910 384 de
935 352 1069 384 Rubeis
1093 358 1126 384 et
1142 353 1256 394 plures
1280 353 1336 384 alii
1360 354 1530 386 naturales
1552 355 1763 396 Rubeorum,
1776 357 1833 399 qui
1857 365 1953 390 erant

119 406 152 437 in
167 405 406 440 Torclaream;
433 404 537 435 etiam
555 403 735 436 Rolandus
759 404 889 447 Scorea
914 405 998 437 fecit
1023 405 1196 437 comburri
1222 405 1364 448 burgum
1389 406 1492 438 Porte
1517 418 1606 439 nove
1630 419 1737 451 usque
1763 411 1807 441 ad
1824 410 1952 442 foveas.

205 458 339 489 Eodem
355 457 547 495 millesim0‚
564 457 607 488 de
624 467 740 489 mense
757 458 900 500 augusti.
940 458 1027 490 Cum
1045 458 1200 490 dominus
1216 459 1363 491 Frescus
1380 459 1466 491 filius
1491 461 1653 493 naturalis
1677 462 1847 504 quondam
1864 463 1954 495 bone

117 510 278 542 memorie
310 510 449 541 illustris
474 516 507 541 et
530 510 701 553 magnifici
726 510 854 541 domini
880 511 1006 542 domini
1032 510 1184 553 Acconis
1214 511 1419 543 marchionis
1450 514 1591 544 estensis
1616 515 1773 547 existeret
1802 517 1956 548 dominus

117 563 262 595 civitatis
286 563 454 601 Ferrarie,
478 572 547 594 non
571 562 658 594 bene
682 563 918 595 satisfaciebat
944 563 1076 595 civibus
1102 564 1259 596 Ferrarie
1283 564 1549 597 dominationem
1567 567 1637 598 eius
1654 569 1955 608 considerantibus,

117 616 211 658 quod
234 616 293 647 filii
319 621 352 648 et
376 615 520 647 domini'
547 615 722 658 legiptimi,
747 616 869 658 quibus
892 617 1085 658 pertinebat
1109 617 1306 656 dominatio,
1331 618 1459 650 exclusi
1484 626 1616 651 essent:
1640 626 1720 652 tunc
1744 621 1888 653 Iacobus
1912 623 1954 654 de

115 668 418 710 Bocchinpanibus
443 679 519 700 curn
544 668 617 700 aliis
649 669 762 700 multis
794 669 925 701 civibus
957 676 990 701 et
1022 670 1215 701 forensibus
1245 670 1425 702 voluerunt
1456 671 1637 714 disponere
1670 680 1703 705 et
1734 675 1870 715 privare
1896 676 1956 706 do-

115 722 242 753 minum
267 721 431 753 Frescum
456 721 663 753 antedictum
692 732 752 753 sue
778 722 1017 754 dominationis
1042 729 1076 754 et
1107 722 1277 754 civitatem
1308 722 1475 756 reducere
1507 725 1551 757 ad
1573 726 1753 767 populum;
1783 733 1816 759 et
1840 738 1957 760 omnes

115 778 332 804 accesserunt
357 772 400 803 ad
424 772 586 813 plateam,
611 772 797 804 clamantes
821 772 890 803 alta
913 783 1018 804 voce:
1043 773 1241 804 stloriantm·
1264 774 1446 806 traditores
1469 780 1501 806 et
1524 776 1617 807 vivat
1638 777 1791 819 populas.
1838 779 1956 810 Domi-

115 834 177 854 nus
200 823 358 860 Foescus,
383 822 494 854 sciens
520 828 552 854 et
576 822 697 854 videns
721 822 811 860 talia,
837 828 967 854 armata
990 835 1091 855 manu
1116 835 1192 855 cum
1221 824 1288 855 suis
1312 825 1516 866 sequacibus
1540 828 1769 860 ascenderunt
1794 840 1900 871 equos
1923 836 1957 862 et

114 881 279 907 venerunt
304 876 349 907 ad
373 876 521 916 plateam
547 885 622 906 cum
656 875 796 907 domino
828 876 989 907 Cortexia
1022 876 1064 907 de
1096 877 1297 914 Caxaliasto,
1330 878 1469 910 domino
1493 879 1677 922 Raynaldo
1703 881 1746 913 de
1771 881 1956 921 Marcaria,

113 926 225 958 Duxio
257 926 300 957 de
333 925 609 963 Guramonffibus,
634 926 829 968 Johannino
861 927 904 957 de
936 927 1080 958 Mantua
1103 933 1137 958 et
1168 927 1324 968 pluribus
1355 928 1428 959 aliis
1459 929 1687 962 familiaribus
1710 937 1744 963 et
1767 932 1956 974 stipendia-

114 977 173 1008 riis
198 982 232 1009 et
255 977 322 1007 iam
346 976 484 1008 miserat
517 977 562 1008 ad
593 987 711 1008 omnes
734 976 863 1008 buccas
886 978 1001 1018 platee
1035 977 1193 1009 balistros
1223 988 1348 1019 parvos
1372 985 1406 1010 et
1428 990 1569 1022 magnos
1593 986 1626 1012 et
1654 981 1721 1013 alia
1744 983 1849 1014 multa
1872 994 1952 1015 nec-

114 1027 263 1059 cessaria
286 1027 330 1058 ad
355 1026 594 1058 defensionem
619 1033 653 1058 et
677 1027 720 1058 ad
745 1027 1009 1059 offendendum:
1035 1028 1169 1060 interim
1193 1029 1342 1070 Jacobus
1366 1030 1409 1061 de
1433 1030 1737 1072 Bocchinpanibus
1760 1039 1793 1064 et
1816 1034 1875 1065 alii
1898 1046 1957 1066 ve-

114 1085 236 1111 nerunt
260 1079 304 1110 ad
327 1079 477 1120 plateam
503 1085 537 1110 et
559 1090 622 1120 per
645 1080 713 1110 vim
737 1086 945 1120 acceperunt
970 1081 1154 1123 quadrigas
1178 1087 1212 1113 et
1235 1082 1348 1112 omnia
1371 1082 1440 1113 alia
1462 1089 1497 1114 et
1519 1084 1681 1124 paulatim
1705 1086 1959 1129 appropinqua-

112 1133 194 1164 bant
209 1132 333 1174 platee.
359 1131 524 1163 Dominus
541 1131 713 1170 Cortexia,
730 1133 788 1174 qui
812 1132 906 1164 iuxta
931 1133 1107 1164 dominum
1131 1135 1160 1165 F
1162 1143 1294 1165 rescum
1325 1140 1409 1173 erat,
1432 1135 1493 1167 ivit
1516 1137 1562 1168 ad
1585 1136 1728 1168 buccam
1753 1139 1860 1170 sancti
1884 1140 1957 1171 Ro-

112 1185 212 1223 mani,
236 1185 329 1217 uncle
353 1184 568 1217 accedebant
592 1195 709 1216 omnes
732 1185 852 1227 populi
882 1196 957 1217 cum
982 1186 1096 1224 armis,
1121 1192 1154 1217 et
1178 1187 1310 1229 fugavit
1341 1197 1399 1219 eos
1421 1199 1529 1230 usque
1562 1189 1680 1221 domos
1704 1191 1900 1229 situlorum;
1926 1199 1959 1224 et

111 1236 160 1268 ibi
187 1246 270 1278 equs
298 1235 373 1266 eius
404 1235 532 1266 cecidit
562 1235 597 1266 in
628 1241 764 1267 terram.
812 1236 1044 1268 Incontinenti
1081 1237 1164 1268 dicti
1196 1237 1351 1269 situlares
1381 1238 1585 1271 remiserunt
1615 1251 1692 1271 eum
1723 1251 1826 1282 super
1858 1253 1957 1284 equm

110 1298 216 1324 suum,
241 1286 397 1318 dicentes
422 1286 474 1317 ei:
508 1286 568 1318 Vos
591 1297 771 1328 numquam
802 1288 983 1329 qffcndzlstzls
1005 1288 1132 1328 alicm'5
1155 1289 1228 1319 ideo
1251 1289 1399 1319 nolumus
1423 1290 1587 1332 sfflndere
1609 1292 1719 1333 vobzs;
1742 1293 1906 1323 recedatis
1928 1298 1960 1324 ct

110 1337 209 1368 nolite
230 1336 378 1380 amplius
402 1337 464 1367 lucc
496 1337 626 1378 venire;
650 1342 684 1368 et
707 1337 756 1368 sic
781 1337 922 1369 recessit
946 1343 979 1369 et
1002 1349 1161 1369 reversus
1186 1343 1236 1370 est
1260 1339 1304 1370 ad
1326 1339 1490 1380 plateam;
1517 1346 1549 1371 et
1572 1341 1635 1372 ivit
1659 1341 1793 1373 obviam
1818 1343 1958 1375 domino

110 1389 248 1425 Fresco,
273 1388 330 1430 qui
363 1387 450 1419 dixit
474 1387 521 1419 ei:
546 1387 646 1428 Qa‘a'
657 1386 831 1430 faciemus
857 1388 987 1419 domine
1017 1388 1202 1423 Cal-texta?
1225 1388 1403 1431 respondit
1426 1390 1473 1421 ei:
1498 1391 1644 1422 Domine
1666 1393 1753 1423 male
1766 1391 1955 1435 faciemus,-

111 1441 207 1472 hodie
229 1441 297 1472 erit
319 1441 389 1471 dies
411 1441 446 1471 in
469 1451 537 1482 qua
552 1441 740 1472 admz'ctetz's
758 1441 932 1472 civitatem
949 1442 1047 1472 istam
1063 1446 1096 1472 ct
1111 1442 1201 1473 ibitis
1216 1445 1283 1484 per
1299 1442 1427 1474 alienas
1441 1446 1560 1486 partes
1583 1448 1616 1475 ct
1635 1446 1840 1487 provincias,
1888 1446 1958 1484 Qui

111 1493 289 1535 respondit
312 1498 483 1535 tamquam
508 1493 636 1534 probus
653 1499 686 1525 et
702 1494 790 1525 bene
809 1494 1031 1526 demostravit
1056 1494 1161 1526 fuisse
1186 1495 1291 1526 filium
1315 1495 1443 1527 domini
1459 1497 1666 1528 marchionis
1682 1496 1831 1540 Acconis
1847 1505 1959 1531 esten-

111 1545 175 1576 sis:
203 1543 301 1576 Certe
324 1555 389 1575 non
403 1543 562 1587 fizcz'a7125
584 1545 698 1586 potins
721 1544 793 1575 volo
816 1545 880 1576 leuc
904 1546 998 1586 mori,
1025 1556 1124 1587 qaam
1139 1546 1379 1588 peregrinari.
1427 1547 1470 1578 Et
1494 1548 1630 1579 vocavit
1654 1549 1697 1579 ad
1721 1559 1757 1580 se
1781 1559 1857 1580 xxx
1880 1560 1957 1581 suos

111 1597 301 1629 familiares
330 1597 417 1629 bene
449 1603 597 1628 armatos
629 1608 706 1628 cum
730 1598 906 1633 ronconis;
931 1604 965 1629 et
988 1598 1060 1639 ipse
1084 1598 1175 1630 solus
1199 1609 1276 1630 cum
1308 1599 1381 1630 istis
1412 1609 1485 1630 xxx
1509 1600 1680 1641 peditibus
1708 1602 1854 1634 viriliter
1882 1613 1957 1644 per-

109 1651 213 1682 cussit
237 1656 358 1682 contra
374 1650 539 1687 inimicos,
557 1651 625 1682 alta
648 1660 734 1682 voce
759 1651 956 1682 clamando:
982 1651 1180 1683 slsorz'antm·
1204 1652 1344 1683 inimici.
1393 1651 1463 1689 Qui
1487 1663 1588 1684 manu
1612 1664 1673 1685 sua
1696 1655 1837 1696 propria
1854 1656 1957 1687 inter-

109 1701 194 1733 fecit
217 1712 321 1732 unum
345 1712 387 1732 ex
411 1701 478 1738 eis3
505 1707 538 1732 et
562 1701 648 1733 dicti
666 1701 852 1732 familiares
883 1701 1087 1734 laborabant
1111 1702 1274 1735 viriliter:
1300 1709 1334 1734 et
1357 1703 1493 1734 interim
1518 1711 1639 1745 gentes
1663 1706 1747 1743 eius,
1772 1717 1838 1747 que
1864 1711 1959 1737 erant

110 1764 219 1796 prope
243 1753 420 1795 palatium,
444 1760 671 1786 succurerunt
695 1754 727 1785 ei
750 1754 875 1792 taliter,
901 1755 994 1796 quod
1016 1755 1181 1796 populum
1206 1761 1381 1787 verterunt
1404 1756 1440 1786 in
1464 1757 1583 1798 fugam
1609 1763 1642 1789 et
1666 1758 1762 1789 multi
1778 1758 1902 1790 mortui
1923 1765 1956 1790 et

109 1807 276 1839 vulnerati
293 1812 327 1838 et
343 1806 448 1848 capti,
472 1807 562 1838 inter
586 1816 672 1848 quos
696 1806 762 1838 fuit
787 1811 907 1847 captus
925 1807 1071 1838 Iacobus
1096 1807 1139 1838 de
1163 1807 1454 1849 Bochinpanibus‚
1472 1819 1573 1850 quem
1592 1820 1694 1851 super
1709 1811 1857 1851 plateam
1873 1811 1956 1842 Fer-

109 1859 197 1890 rarie
221 1857 306 1889 fecit
330 1857 532 1899 decapitari,
557 1857 641 1889 alios
665 1857 885 1899 detrahynari
911 1863 943 1888 et
967 1858 1130 1898 suspendi
1153 1858 1198 1889 ad
1221 1858 1347 1890 furcas.

194 1911 239 1942 Et
264 1911 387 1942 eodem
410 1920 527 1942 mense
552 1915 703 1941 mortuus
727 1909 792 1940 fuit
816 1909 929 1941 Nutus
953 1910 996 1940 de
1020 1910 1260 1942 Cornacevina
1282 1911 1318 1942 in
1342 1911 1445 1943 domo
1469 1923 1540 1951 sua,
1565 1918 1598 1944 et
1621 1914 1778 1955 sequenti
1802 1914 1859 1946 die
1890 1925 1950 1946 oc-

108 1971 164 1992 sus
187 1961 251 1992 fuit
274 1959 517 1992 Marchexinus
542 1959 584 1992 de
610 1959 708 1991 Pullo
732 1970 752 1990 a
777 1960 981 1992 Geminiano
999 1960 1092 1991 dela
1107 1960 1248 1992 Munica
1270 1962 1315 1993 ad
1340 1961 1534 1993 instantiam
1559 1963 1689 1994 domini
1711 1963 1885 2007 Raynaldi
1910 1965 1954 1996 de

106 2013 307 2045 Marcheria
331 2019 396 2045 etc.

196 2064 327 2095 Eodem
350 2063 541 2102 millesimo,
559 2064 602 2096 de
619 2073 736 2095 mense
761 2063 975 2105 septembris.
1011 2063 1176 2095 Dominus
1200 2064 1404 2103 Franciscus
1427 2066 1579 2097 marchio
1605 2067 1744 2098 estensis
1764 2067 1859 2099 venit
1881 2068 1955 2100 Ro-

110 2115 243 2157 digium
268 2125 345 2146 cum
368 2114 595 2146 Manfredino
619 2114 662 2145 de
689 2113 950 2146 Concaderamo
974 2115 1010 2145 in
1034 2115 1181 2156 quadam
1216 2115 1294 2146 navi
1319 2115 1518 2157 cohoperta‚
1543 2122 1578 2148 et
1608 2117 1743 2149 iverunt
1775 2117 1954 2150 Stellatam

109 2167 200 2199 iuxta
222 2173 366 2209 portam,
391 2173 425 2199 et
448 2173 612 2199 exeuntes
636 2167 716 2198 navi
741 2177 818 2198 cum
844 2167 994 2209 quodam
1018 2177 1179 2208 pennono
1203 2178 1280 2199 cum
1304 2168 1419 2210 aquila
1450 2179 1520 2207 sua,
1544 2170 1677 2212 magnis
1708 2171 1852 2203 vocibus
1885 2172 1955 2202 cla-

108 2224 259 2250 mantes:
292 2218 389 2250 Vivat
411 2219 561 2249 dominas
584 2217 744 2249 marchio.
768 2217 813 2249 Et
837 2217 885 2248 sic
909 2218 1044 2249 iverunt
1066 2229 1174 2260 usque
1198 2219 1346 2260 plateam
1370 2218 1463 2250 dicte
1487 2225 1587 2251 terre.
1641 2221 1679 2251 In
1712 2221 1768 2253 die
1799 2221 1859 2252 illo
1883 2227 1954 2252 erat

108 2272 220 2303 forum
242 2271 424 2302 maximum
449 2281 553 2312 super
574 2270 741 2312 pla'team.
788 2270 908 2302 Statim
933 2271 1026 2312 quod
1048 2271 1206 2302 homines
1230 2277 1263 2302 et
1290 2278 1409 2314 gentes
1433 2272 1616 2304 existentes
1638 2273 1675 2304 in
1698 2274 1776 2305 foro
1801 2284 1954 2316 congno-

108 2329 230 2355 verunt
254 2324 429 2355 dominum
451 2323 692 2355 Marchionem
716 2329 749 2355 et
771 2323 1044 2361 Manfredinum,
1070 2324 1126 2366 qui
1151 2334 1227 2355 cum
1260 2334 1301 2355 eo
1335 2330 1415 2362 erat,
1447 2325 1642 2357 immediate
1673 2332 1853 2358 tenuerunt
1876 2337 1953 2357 cum

108 2386 148 2408 eo
173 2377 217 2408 ad
240 2376 345 2408 vitam
369 2382 402 2407 et
425 2381 586 2412 mortem;
613 2382 646 2407 et
661 2375 798 2407 iverunt
815 2386 918 2417 super
942 2375 1067 2407 dictam
1086 2376 1235 2418 plateam
1253 2382 1374 2408 contra
1394 2377 1635 2418 stipendiarios
1659 2378 1787 2410 domini
1811 2379 1953 2411 Freschi

109 2439 185 2460 cum
210 2429 347 2460 domino
370 2428 593 2460 Manfredino
617 2429 661 2460 de
685 2428 890 2466 Marcharia,
915 2429 973 2470 qui
997 2428 1045 2460 ibi
1063 2429 1229 2461 existebat
1252 2429 1400 2460 vicarius
1417 2429 1545 2461 domini
1569 2432 1598 2463 F
1599 2431 1728 2467 reschi;
1753 2431 1812 2473 qui
1836 2442 1953 2464 omnes

107 2481 321 2523 stipendiarii
344 2481 602 2513 substinuerunt
625 2481 787 2512 insultum
812 2487 975 2523 quantum
999 2488 1201 2523 potuerunt3
1226 2488 1338 2513 tamen
1364 2482 1397 2513 in
1421 2483 1488 2514 fine
1517 2483 1629 2526 fugati
1661 2489 1696 2515 et
1719 2485 1851 2525 expulsi
1875 2490 1950 2516 sunt

109 2541 203 2566 extra
227 2535 355 2567 dictam
378 2541 513 2567 terram.
538 2535 656 2577 Itaque
681 2535 838 2566 dominus
861 2535 1066 2566 Franciscus
1082 2546 1124 2566 ex
1141 2535 1340 2577 volunptate
1357 2535 1492 2567 illorum
1518 2536 1613 2568 dicte
1635 2542 1726 2568 terre
1752 2537 1880 2568 electus
1904 2544 1954 2569 est

107 2585 263 2617 dominus
288 2586 379 2617 dicte
395 2591 487 2617 terre
512 2591 578 2617 etc.

195 2638 326 2670 Eodem
358 2639 548 2671 millesimo.
594 2638 681 2670 Cum
714 2638 870 2670 dominus
901 2638 1048 2670 Frescus
1078 2639 1165 2670 filius
1196 2639 1359 2678 naturalis
1384 2636 1558 2681 quondam
1583 2639 1710 2672 domini
1742 2641 1951 2672 marchionis

106 2690 261 2723 Aczonis
273 2692 416 2724 estensis
440 2692 674 2724 dominaretur
698 2691 856 2724 Ferrarie
881 2698 915 2723 et
939 2691 1021 2723 alibi
1045 2692 1233 2724 contraius
1256 2698 1289 2723 et
1314 2698 1432 2724 contra
1450 2692 1652 2736 legyptimos
1676 2692 1830 2730 heredes,
1855 2693 1952 2725 beni—

198 2810 224 2828 2.
247 2803 357 2837 Scorca]
384 2804 473 2828 Shoza
498 2805 523 2827 B
542 2804 620 2829 MUR.
640 2818 672 2821 —
693 2810 715 2834 5.
735 2804 959 2828 dominationem
985 2804 1045 2828 eius
1064 2812 1110 2827 om.
1132 2803 1208 2828 Mun.
1231 2818 1262 2821 —
1282 2803 1306 2828 6.
1326 2800 1550 2828 dominationem
1570 2804 1593 2827 A
1613 2816 1624 2821 -
1643 2803 1740 2828 esclusi
1760 2806 1851 2828 essent
1871 2805 1949 2830 Mun.

109 2852 156 2869 om.
175 2846 198 2868 A
209 2845 235 2868 B
253 2859 285 2863 —
306 2850 330 2875 7.
345 2846 451 2877 privari
469 2846 492 2869 Α
509 2860 540 2863 -
554 2847 579 2871 8.
592 2853 641 2870 sua
661 2845 855 2870 dominatione
875 2846 953 2869 Mun.
970 2860 1000 2863 —
1017 2845 1056 2870 16.
1067 2847 1157 2876 prima
1171 2847 1201 2869 di
1219 2846 1358 2870 Dominus
1379 2847 1405 2869 in
1419 2846 1442 2869 A
1457 2847 1504 2877 qui
1523 2845 1662 2869 cancellato
1682 2859 1715 2863 —-
1738 2852 1778 2877 17.
1792 2847 1819 2870 et·
1832 2845 1948 2878 fugavit}

109 2886 251 2918 instigavit
268 2888 292 2911 A
311 2887 370 2911 coll’
380 2889 409 2911 in
428 2892 534 2919 espunto
554 2902 586 2906 —-
610 2889 649 2912 18.
669 2895 755 2920 equus
776 2888 853 2911 Mna.
875 2901 885 2905 -
903 2896 1003 2920 equum
1023 2887 1100 2912 Mun.
1122 2902 1153 2905 e<
1175 2895 1216 2919 23.
1232 2889 1322 2919 prt'ma
1342 2888 1373 2910 di
1390 2888 1474 2912 tuisse
1493 2896 1550 2919 agg.
1574 2888 1652 2912 MUR.
1672 2895 1700 2911 se
1721 2902 1750 2905 -—
1774 2894 1815 2920 24.
1835 2888 1948 2919 vocant]

109 2931 241 2953 revocant
260 2929 336 2954 Mun.
358 2943 389 2947 —
411 2929 453 2955 26.
467 2930 636 2962 moriantur]
651 2932 793 2954 moiantur
812 2930 835 2953 A
852 2944 882 2946 —
897 2937 939 2961 30.
953 2931 1003 2954 alii
1023 2931 1046 2953 A
1062 2944 1092 2947 ἡ
1107 2937 1149 2962 43.
1168 2930 1274 2962 Itaque]
1289 2931 1329 2954 ita
1344 2930 1418 2962 quod
1431 2930 1454 2953 A
1466 2931 1491 2952 B
1512 2944 1542 2947 —
1558 2935 1598 2962 45.
1621 2930 1789 2954 marchionis
1809 2938 1855 2954 om.
1871 2931 1948 2955 MUR.

111 2985 142 2989 —
163 2971 204 3004 46.
224 2972 304 3004 alibi]
324 2974 390 2998 aliis
408 2973 479 2998 locis
499 2974 579 2999 Mun,

2029 2285 2105 2307 Mun„
2120 2284 2156 2303 304

2026 2656 2045 2669 c.
2063 2651 2115 2674 ⁶52·
