<?xml version="1.0" encoding="UTF-8"?>
<!DOCTYPE html PUBLIC "-//W3C//DTD XHTML 1.0 Transitional//EN"
    "http://www.w3.org/TR/xhtml1/DTD/xhtml1-transitional.dtd">
<html xmlns="http://www.w3.org/1999/xhtml" xml:lang="en" lang="en">
 <head>
  <title>
</title>
<meta http-equiv="Content-Type" content="text/html;charset=utf-8" />
  <meta name='ocr-system' content='tesseract 3.04.00' />
  <meta name='ocr-capabilities' content='ocr_page ocr_carea ocr_par ocr_line ocrx_word'/>
</head>
<body>
  <div class='ocr_page' id='page_1' title='image "./p3f1rerumitalica15murauoft_0087.png"; bbox 0 0 2307 3592; ppageno 0'>
   <div class='ocr_carea' id='block_1_1' title="bbox 41 824 76 854">
    <p class='ocr_par' dir='ltr' id='par_1_1' title="bbox 41 824 76 854">
     <span class='ocr_line' id='line_1_1' title="bbox 41 824 76 854; baseline -0.029 0"><span class='ocrx_word' id='word_1_1' title='bbox 41 824 76 854; x_wconf 83' lang='lat'>10</span> 
     </span>
    </p>
   </div>
   <div class='ocr_carea' id='block_1_2' title="bbox 41 1086 74 1116">
    <p class='ocr_par' dir='ltr' id='par_1_2' title="bbox 41 1086 74 1116">
     <span class='ocr_line' id='line_1_2' title="bbox 41 1086 74 1116; baseline 0 0"><span class='ocrx_word' id='word_1_2' title='bbox 41 1086 74 1116; x_wconf 75' lang='lat'>15</span> 
     </span>
    </p>
   </div>
   <div class='ocr_carea' id='block_1_3' title="bbox 34 1614 73 1645">
    <p class='ocr_par' dir='ltr' id='par_1_3' title="bbox 34 1614 73 1645">
     <span class='ocr_line' id='line_1_3' title="bbox 34 1617 51 1645; textangle 90"><span class='ocrx_word' id='word_1_3' title='bbox 34 1617 51 1645; x_wconf 65' lang='grc' dir='ltr'>Κ)</span> 
     </span>
     <span class='ocr_line' id='line_1_4' title="bbox 56 1614 73 1645; textangle 90"><span class='ocrx_word' id='word_1_4' title='bbox 56 1614 73 1645; x_wconf 69' lang='lat' dir='ltr'>ui</span> 
     </span>
    </p>
   </div>
   <div class='ocr_carea' id='block_1_4' title="bbox 31 1878 72 1908">
    <p class='ocr_par' dir='ltr' id='par_1_4' title="bbox 31 1878 72 1908">
     <span class='ocr_line' id='line_1_5' title="bbox 31 1878 72 1908; baseline 0 0"><span class='ocrx_word' id='word_1_5' title='bbox 31 1878 72 1908; x_wconf 80' lang='lat'>30</span> 
     </span>
    </p>
   </div>
   <div class='ocr_carea' id='block_1_5' title="bbox 34 2140 72 2171">
    <p class='ocr_par' dir='ltr' id='par_1_5' title="bbox 34 2140 72 2171">
     <span class='ocr_line' id='line_1_6' title="bbox 34 2140 72 2171; baseline 0 0"><span class='ocrx_word' id='word_1_6' title='bbox 34 2140 72 2171; x_wconf 77' lang='lat'>33</span> 
     </span>
    </p>
   </div>
   <div class='ocr_carea' id='block_1_6' title="bbox 40 2715 70 2731">
    <p class='ocr_par' dir='ltr' id='par_1_6' title="bbox 40 2715 70 2731">
     <span class='ocr_line' id='line_1_7' title="bbox 40 2715 70 2731; baseline -0.033 0"><span class='ocrx_word' id='word_1_7' title='bbox 40 2715 70 2731; x_wconf 82' lang='lat'>10</span> 
     </span>
    </p>
   </div>
   <div class='ocr_carea' id='block_1_7' title="bbox 106 220 1944 258">
    <p class='ocr_par' dir='ltr' id='par_1_7' title="bbox 106 220 1944 258">
     <span class='ocr_line' id='line_1_8' title="bbox 106 220 1944 258; baseline 0.004 -9"><span class='ocrx_word' id='word_1_8' title='bbox 106 224 158 258; x_wconf 80' lang='lat' dir='ltr'>[A.</span> <span class='ocrx_word' id='word_1_9' title='bbox 181 226 272 258; x_wconf 82' lang='lat'><strong>1307]</strong></span> <span class='ocrx_word' id='word_1_10' title='bbox 741 220 1053 255; x_wconf 89' lang='lat' dir='ltr'>CHRONICON</span> <span class='ocrx_word' id='word_1_11' title='bbox 1080 220 1307 256; x_wconf 89' lang='lat' dir='ltr'>ESTENSE</span> <span class='ocrx_word' id='word_1_12' title='bbox 1898 223 1944 257; x_wconf 72' lang='lat'>65</span> 
     </span>
    </p>
   </div>
   <div class='ocr_carea' id='block_1_8' title="bbox 95 349 1949 2184">
    <p class='ocr_par' dir='ltr' id='par_1_8' title="bbox 99 349 1949 1223">
     <span class='ocr_line' id='line_1_9' title="bbox 104 349 1949 391; baseline 0.002 -11"><span class='ocrx_word' id='word_1_13' title='bbox 104 349 257 391; x_wconf 83' lang='lat' dir='ltr'>gussolis‚</span> <span class='ocrx_word' id='word_1_14' title='bbox 275 349 331 391; x_wconf 90' lang='lat' dir='ltr'>qui</span> <span class='ocrx_word' id='word_1_15' title='bbox 348 349 576 380; x_wconf 80' lang='lat' dir='ltr'>incontinenti</span> <span class='ocrx_word' id='word_1_16' title='bbox 593 354 864 391; x_wconf 89' lang='lat' dir='ltr'>preparaverunt</span> <span class='ocrx_word' id='word_1_17' title='bbox 880 349 1069 380; x_wconf 82' lang='lat' dir='ltr'>exercitum</span> <span class='ocrx_word' id='word_1_18' title='bbox 1086 350 1130 380; x_wconf 85' lang='lat' dir='ltr'>ad</span> <span class='ocrx_word' id='word_1_19' title='bbox 1155 360 1272 382; x_wconf 86' lang='lat' dir='ltr'>rocam</span> <span class='ocrx_word' id='word_1_20' title='bbox 1288 350 1410 389; x_wconf 90' lang='lat' dir='ltr'>Barde,</span> <span class='ocrx_word' id='word_1_21' title='bbox 1428 351 1485 383; x_wconf 88' lang='lat' dir='ltr'>ubi</span> <span class='ocrx_word' id='word_1_22' title='bbox 1511 361 1589 383; x_wconf 89' lang='lat' dir='ltr'>curn</span> <span class='ocrx_word' id='word_1_23' title='bbox 1605 353 1758 383; x_wconf 82' lang='lat' dir='ltr'>exercitu</span> <span class='ocrx_word' id='word_1_24' title='bbox 1782 359 1949 384; x_wconf 90' lang='lat' dir='ltr'>steterunt</span> 
     </span>
     <span class='ocr_line' id='line_1_10' title="bbox 105 401 1947 443; baseline 0.003 -11"><span class='ocrx_word' id='word_1_25' title='bbox 105 412 167 442; x_wconf 86' lang='lat' dir='ltr'>per</span> <span class='ocrx_word' id='word_1_26' title='bbox 188 401 302 442; x_wconf 86' lang='lat' dir='ltr'>plures</span> <span class='ocrx_word' id='word_1_27' title='bbox 319 401 392 433; x_wconf 89' lang='lat' dir='ltr'>dies</span> <span class='ocrx_word' id='word_1_28' title='bbox 409 412 486 433; x_wconf 88' lang='lat' dir='ltr'>cum</span> <span class='ocrx_word' id='word_1_29' title='bbox 503 402 678 434; x_wconf 89' lang='lat' dir='ltr'>trabuchis</span> <span class='ocrx_word' id='word_1_30' title='bbox 696 408 729 434; x_wconf 92' lang='lat' dir='ltr'>et</span> <span class='ocrx_word' id='word_1_31' title='bbox 746 401 822 433; x_wconf 91' lang='lat' dir='ltr'>aliis</span> <span class='ocrx_word' id='word_1_32' title='bbox 839 401 1011 434; x_wconf 88' lang='lat' dir='ltr'>hedifitiis.</span> <span class='ocrx_word' id='word_1_33' title='bbox 1050 402 1190 443; x_wconf 85' lang='lat' dir='ltr'>Bapniti</span> <span class='ocrx_word' id='word_1_34' title='bbox 1213 402 1390 435; x_wconf 88' lang='lat' dir='ltr'>Placentie</span> <span class='ocrx_word' id='word_1_35' title='bbox 1415 410 1448 436; x_wconf 88' lang='lat' dir='ltr'>et</span> <span class='ocrx_word' id='word_1_36' title='bbox 1471 404 1594 436; x_wconf 90' lang='lat' dir='ltr'>Parme</span> <span class='ocrx_word' id='word_1_37' title='bbox 1619 405 1834 437; x_wconf 88' lang='lat' dir='ltr'>intraverunt</span> <span class='ocrx_word' id='word_1_38' title='bbox 1849 405 1947 437; x_wconf 87' lang='lat' dir='ltr'>Ron-</span> 
     </span>
     <span class='ocr_line' id='line_1_11' title="bbox 106 453 1948 499; baseline 0.002 -14"><span class='ocrx_word' id='word_1_39' title='bbox 106 454 256 485; x_wconf 87' lang='lat' dir='ltr'>carolum</span> <span class='ocrx_word' id='word_1_40' title='bbox 269 453 278 471; x_wconf 89' lang='lat'>¹</span> <span class='ocrx_word' id='word_1_41' title='bbox 302 460 335 485; x_wconf 92' lang='lat' dir='ltr'>et</span> <span class='ocrx_word' id='word_1_42' title='bbox 358 455 513 487; x_wconf 84' lang='lat' dir='ltr'><strong>Castrum</strong></span> <span class='ocrx_word' id='word_1_43' title='bbox 538 455 683 486; x_wconf 88' lang='lat' dir='ltr'>dardum</span> <span class='ocrx_word' id='word_1_44' title='bbox 698 454 720 494; x_wconf 78' lang='lat'>²,</span> <span class='ocrx_word' id='word_1_45' title='bbox 737 455 823 486; x_wconf 90' lang='lat' dir='ltr'>inter</span> <span class='ocrx_word' id='word_1_46' title='bbox 840 465 925 497; x_wconf 91' lang='lat' dir='ltr'>quos</span> <span class='ocrx_word' id='word_1_47' title='bbox 943 460 1014 486; x_wconf 90' lang='lat' dir='ltr'>erat</span> <span class='ocrx_word' id='word_1_48' title='bbox 1030 454 1148 496; x_wconf 92' lang='lat' dir='ltr'><strong>Lupus</strong></span> <span class='ocrx_word' id='word_1_49' title='bbox 1166 455 1209 487; x_wconf 92' lang='lat' dir='ltr'>de</span> <span class='ocrx_word' id='word_1_50' title='bbox 1226 456 1336 497; x_wconf 91' lang='lat' dir='ltr'>Lupis</span> <span class='ocrx_word' id='word_1_51' title='bbox 1354 457 1396 488; x_wconf 92' lang='lat' dir='ltr'>de</span> <span class='ocrx_word' id='word_1_52' title='bbox 1413 457 1585 499; x_wconf 83' lang='lat' dir='ltr'>Soragna;</span> <span class='ocrx_word' id='word_1_53' title='bbox 1612 464 1645 488; x_wconf 88' lang='lat' dir='ltr'>et</span> <span class='ocrx_word' id='word_1_54' title='bbox 1661 468 1739 489; x_wconf 91' lang='lat' dir='ltr'>cum</span> <span class='ocrx_word' id='word_1_55' title='bbox 1756 458 1948 490; x_wconf 80' lang='lat' dir='ltr'>Placentini</span> 
     </span>
     <span class='ocr_line' id='line_1_12' title="bbox 103 507 1949 552; baseline 0.002 -14"><span class='ocrx_word' id='word_1_56' title='bbox 103 507 278 538; x_wconf 84' lang='lat' dir='ltr'>audissent</span> <span class='ocrx_word' id='word_1_57' title='bbox 301 507 379 546; x_wconf 88' lang='lat' dir='ltr'>hoc,</span> <span class='ocrx_word' id='word_1_58' title='bbox 403 508 646 550; x_wconf 85' lang='lat' dir='ltr'>equitaverunt</span> <span class='ocrx_word' id='word_1_59' title='bbox 670 514 791 539; x_wconf 87' lang='lat' dir='ltr'>contra</span> <span class='ocrx_word' id='word_1_60' title='bbox 815 517 875 539; x_wconf 88' lang='lat' dir='ltr'>eos</span> <span class='ocrx_word' id='word_1_61' title='bbox 903 513 936 539; x_wconf 87' lang='lat' dir='ltr'>et</span> <span class='ocrx_word' id='word_1_62' title='bbox 959 507 1095 539; x_wconf 87' lang='lat' dir='ltr'>insimul</span> <span class='ocrx_word' id='word_1_63' title='bbox 1111 508 1258 549; x_wconf 90' lang='lat' dir='ltr'>prelium</span> <span class='ocrx_word' id='word_1_64' title='bbox 1276 510 1530 548; x_wconf 87' lang='lat' dir='ltr'>commiserunt,</span> <span class='ocrx_word' id='word_1_65' title='bbox 1548 510 1662 541; x_wconf 86' lang='lat' dir='ltr'>taliter</span> <span class='ocrx_word' id='word_1_66' title='bbox 1686 511 1779 552; x_wconf 89' lang='lat' dir='ltr'>quod</span> <span class='ocrx_word' id='word_1_67' title='bbox 1804 510 1949 542; x_wconf 88' lang='lat' dir='ltr'>Placen-</span> 
     </span>
     <span class='ocr_line' id='line_1_13' title="bbox 104 559 1948 605; baseline 0.002 -15"><span class='ocrx_word' id='word_1_68' title='bbox 104 559 164 590; x_wconf 86' lang='lat' dir='ltr'>tini</span> <span class='ocrx_word' id='word_1_69' title='bbox 189 559 339 592; x_wconf 87' lang='lat' dir='ltr'>conflicti</span> <span class='ocrx_word' id='word_1_70' title='bbox 362 560 503 592; x_wconf 81' lang='lat' dir='ltr'>fuerunt</span> <span class='ocrx_word' id='word_1_71' title='bbox 534 567 568 592; x_wconf 94' lang='lat' dir='ltr'>et</span> <span class='ocrx_word' id='word_1_72' title='bbox 599 572 723 604; x_wconf 85' lang='lat' dir='ltr'>magna</span> <span class='ocrx_word' id='word_1_73' title='bbox 751 571 831 602; x_wconf 88' lang='lat' dir='ltr'>pars</span> <span class='ocrx_word' id='word_1_74' title='bbox 864 570 982 592; x_wconf 90' lang='lat' dir='ltr'>eorum</span> <span class='ocrx_word' id='word_1_75' title='bbox 1014 561 1139 593; x_wconf 88' lang='lat' dir='ltr'>mortui</span> <span class='ocrx_word' id='word_1_76' title='bbox 1171 567 1204 593; x_wconf 86' lang='lat' dir='ltr'>et</span> <span class='ocrx_word' id='word_1_77' title='bbox 1235 563 1339 603; x_wconf 85' lang='lat' dir='ltr'>capti.</span> <span class='ocrx_word' id='word_1_78' title='bbox 1386 563 1431 594; x_wconf 88' lang='lat' dir='ltr'>Et</span> <span class='ocrx_word' id='word_1_79' title='bbox 1462 564 1700 595; x_wconf 80' lang='lat' dir='ltr'>conduxerunt</span> <span class='ocrx_word' id='word_1_80' title='bbox 1732 573 1791 595; x_wconf 90' lang='lat' dir='ltr'>eos</span> <span class='ocrx_word' id='word_1_81' title='bbox 1816 564 1850 594; x_wconf 92' lang='lat' dir='ltr'>in</span> <span class='ocrx_word' id='word_1_82' title='bbox 1875 564 1948 605; x_wconf 81' lang='lat' dir='ltr'>epi-</span> 
     </span>
     <span class='ocr_line' id='line_1_14' title="bbox 103 612 1948 656; baseline 0.002 -13"><span class='ocrx_word' id='word_1_83' title='bbox 103 618 244 653; x_wconf 85' lang='lat' dir='ltr'>scopatu</span> <span class='ocrx_word' id='word_1_84' title='bbox 268 612 438 644; x_wconf 91' lang='lat' dir='ltr'>Cremone</span> <span class='ocrx_word' id='word_1_85' title='bbox 456 619 488 644; x_wconf 88' lang='lat' dir='ltr'>et</span> <span class='ocrx_word' id='word_1_86' title='bbox 511 613 560 645; x_wconf 92' lang='lat' dir='ltr'>ibi</span> <span class='ocrx_word' id='word_1_87' title='bbox 584 613 764 651; x_wconf 88' lang='lat' dir='ltr'>carcerati,</span> <span class='ocrx_word' id='word_1_88' title='bbox 789 619 969 645; x_wconf 89' lang='lat' dir='ltr'>tenuerunt</span> <span class='ocrx_word' id='word_1_89' title='bbox 992 624 1050 645; x_wconf 91' lang='lat' dir='ltr'>eos</span> <span class='ocrx_word' id='word_1_90' title='bbox 1074 620 1193 654; x_wconf 89' lang='lat' dir='ltr'>postea</span> <span class='ocrx_word' id='word_1_91' title='bbox 1216 624 1280 656; x_wconf 92' lang='lat' dir='ltr'>per</span> <span class='ocrx_word' id='word_1_92' title='bbox 1301 615 1417 656; x_wconf 89' lang='lat' dir='ltr'>plures</span> <span class='ocrx_word' id='word_1_93' title='bbox 1442 616 1526 647; x_wconf 91' lang='lat' dir='ltr'>dies.</span> <span class='ocrx_word' id='word_1_94' title='bbox 1570 616 1736 648; x_wconf 89' lang='lat' dir='ltr'>Dominus</span> <span class='ocrx_word' id='word_1_95' title='bbox 1760 616 1948 648; x_wconf 92' lang='lat' dir='ltr'>Ghibertus</span> 
     </span>
     <span class='ocr_line' id='line_1_15' title="bbox 105 664 1947 709; baseline 0.003 -14"><span class='ocrx_word' id='word_1_96' title='bbox 105 665 148 696; x_wconf 88' lang='lat' dir='ltr'>de</span> <span class='ocrx_word' id='word_1_97' title='bbox 172 664 314 707; x_wconf 79' lang='lat' dir='ltr'>Corigia</span> <span class='ocrx_word' id='word_1_98' title='bbox 335 675 413 696; x_wconf 88' lang='lat' dir='ltr'>cum</span> <span class='ocrx_word' id='word_1_99' title='bbox 428 671 500 697; x_wconf 85' lang='lat' dir='ltr'>tota</span> <span class='ocrx_word' id='word_1_100' title='bbox 516 665 635 697; x_wconf 88' lang='lat' dir='ltr'>militia</span> <span class='ocrx_word' id='word_1_101' title='bbox 653 671 685 697; x_wconf 86' lang='lat' dir='ltr'>et</span> <span class='ocrx_word' id='word_1_102' title='bbox 702 665 818 707; x_wconf 90' lang='lat' dir='ltr'>aliqua</span> <span class='ocrx_word' id='word_1_103' title='bbox 833 676 914 707; x_wconf 83' lang='lat' dir='ltr'>pars</span> <span class='ocrx_word' id='word_1_104' title='bbox 929 666 1049 707; x_wconf 91' lang='lat' dir='ltr'>populi</span> <span class='ocrx_word' id='word_1_105' title='bbox 1072 666 1194 698; x_wconf 88' lang='lat' dir='ltr'>Parme</span> <span class='ocrx_word' id='word_1_106' title='bbox 1212 667 1452 709; x_wconf 83' lang='lat' dir='ltr'>equitaverunt</span> <span class='ocrx_word' id='word_1_107' title='bbox 1475 669 1520 699; x_wconf 87' lang='lat' dir='ltr'>ad</span> <span class='ocrx_word' id='word_1_108' title='bbox 1544 669 1674 700; x_wconf 89' lang='lat' dir='ltr'>dictum</span> <span class='ocrx_word' id='word_1_109' title='bbox 1699 668 1947 705; x_wconf 86' lang='lat' dir='ltr'>Roncarolum,</span> 
     </span>
     <span class='ocr_line' id='line_1_16' title="bbox 103 717 1945 764; baseline 0.002 -16"><span class='ocrx_word' id='word_1_110' title='bbox 103 723 135 748; x_wconf 85' lang='lat' dir='ltr'>et</span> <span class='ocrx_word' id='word_1_111' title='bbox 158 717 354 749; x_wconf 84' lang='lat' dir='ltr'>Plaxentini</span> <span class='ocrx_word' id='word_1_112' title='bbox 379 729 457 750; x_wconf 90' lang='lat' dir='ltr'>cum</span> <span class='ocrx_word' id='word_1_113' title='bbox 481 728 521 750; x_wconf 91' lang='lat' dir='ltr'>eo</span> <span class='ocrx_word' id='word_1_114' title='bbox 545 719 579 749; x_wconf 85' lang='lat' dir='ltr'>in</span> <span class='ocrx_word' id='word_1_115' title='bbox 602 719 686 750; x_wconf 90' lang='lat' dir='ltr'>hora</span> <span class='ocrx_word' id='word_1_116' title='bbox 709 728 810 750; x_wconf 91' lang='lat' dir='ltr'>none.</span> <span class='ocrx_word' id='word_1_117' title='bbox 839 719 940 750; x_wconf 90' lang='lat' dir='ltr'>Tunc</span> <span class='ocrx_word' id='word_1_118' title='bbox 966 719 1061 750; x_wconf 82' lang='lat' dir='ltr'>calor</span> <span class='ocrx_word' id='word_1_119' title='bbox 1078 726 1150 751; x_wconf 88' lang='lat' dir='ltr'>erat</span> <span class='ocrx_word' id='word_1_120' title='bbox 1166 720 1418 757; x_wconf 81' lang='lat' dir='ltr'>inextimabilis,</span> <span class='ocrx_word' id='word_1_121' title='bbox 1443 721 1555 753; x_wconf 89' lang='lat' dir='ltr'>taliter</span> <span class='ocrx_word' id='word_1_122' title='bbox 1579 722 1672 764; x_wconf 93' lang='lat' dir='ltr'>quod</span> <span class='ocrx_word' id='word_1_123' title='bbox 1696 721 1803 763; x_wconf 82' lang='lat' dir='ltr'>aliqui</span> <span class='ocrx_word' id='word_1_124' title='bbox 1828 731 1945 753; x_wconf 91' lang='lat' dir='ltr'>eorum</span> 
     </span>
     <span class='ocr_line' id='line_1_17' title="bbox 106 770 1947 815; baseline 0.002 -14"><span class='ocrx_word' id='word_1_125' title='bbox 106 770 312 802; x_wconf 86' lang='lat' dir='ltr'>transierunt</span> <span class='ocrx_word' id='word_1_126' title='bbox 335 770 380 802; x_wconf 93' lang='lat' dir='ltr'>ad</span> <span class='ocrx_word' id='word_1_127' title='bbox 403 777 562 808; x_wconf 86' lang='lat' dir='ltr'>mortem;</span> <span class='ocrx_word' id='word_1_128' title='bbox 588 771 645 802; x_wconf 84' lang='lat' dir='ltr'>alii</span> <span class='ocrx_word' id='word_1_129' title='bbox 678 781 748 802; x_wconf 91' lang='lat' dir='ltr'>non</span> <span class='ocrx_word' id='word_1_130' title='bbox 777 777 938 812; x_wconf 83' lang='lat' dir='ltr'>poterant</span> <span class='ocrx_word' id='word_1_131' title='bbox 961 782 997 803; x_wconf 86' lang='lat' dir='ltr'>se</span> <span class='ocrx_word' id='word_1_132' title='bbox 1023 772 1235 806; x_wconf 86' lang='lat' dir='ltr'>substinere:</span> <span class='ocrx_word' id='word_1_133' title='bbox 1260 779 1294 805; x_wconf 92' lang='lat' dir='ltr'>et</span> <span class='ocrx_word' id='word_1_134' title='bbox 1318 773 1394 805; x_wconf 91' lang='lat' dir='ltr'>ideo</span> <span class='ocrx_word' id='word_1_135' title='bbox 1423 774 1551 805; x_wconf 84' lang='lat' dir='ltr'>reversi</span> <span class='ocrx_word' id='word_1_136' title='bbox 1574 781 1651 806; x_wconf 90' lang='lat' dir='ltr'>sunt</span> <span class='ocrx_word' id='word_1_137' title='bbox 1673 775 1701 807; x_wconf 93' lang='lat' dir='ltr'><strong>F</strong></span> <span class='ocrx_word' id='word_1_138' title='bbox 1704 774 1912 815; x_wconf 75' lang='lat' dir='ltr'>lorencolam</span> <span class='ocrx_word' id='word_1_139' title='bbox 1925 772 1947 804; x_wconf 81' lang='lat'>³.</span> 
     </span>
     <span class='ocr_line' id='line_1_18' title="bbox 101 822 1948 863; baseline 0.002 -10"><span class='ocrx_word' id='word_1_140' title='bbox 101 822 188 854; x_wconf 87' lang='lat' dir='ltr'>Cum</span> <span class='ocrx_word' id='word_1_141' title='bbox 212 824 323 855; x_wconf 85' lang='lat' dir='ltr'>dictus</span> <span class='ocrx_word' id='word_1_142' title='bbox 347 824 505 856; x_wconf 88' lang='lat' dir='ltr'>dominus</span> <span class='ocrx_word' id='word_1_143' title='bbox 529 824 712 856; x_wconf 87' lang='lat' dir='ltr'>Ghibertus</span> <span class='ocrx_word' id='word_1_144' title='bbox 742 824 807 856; x_wconf 78' lang='lat' dir='ltr'>fuit</span> <span class='ocrx_word' id='word_1_145' title='bbox 830 834 987 856; x_wconf 88' lang='lat' dir='ltr'>reversus</span> <span class='ocrx_word' id='word_1_146' title='bbox 1018 825 1188 863; x_wconf 85' lang='lat' dir='ltr'>Parmam,</span> <span class='ocrx_word' id='word_1_147' title='bbox 1213 825 1372 857; x_wconf 89' lang='lat' dir='ltr'>dominus</span> <span class='ocrx_word' id='word_1_148' title='bbox 1387 825 1550 859; x_wconf 87' lang='lat' dir='ltr'>Albertus</span> <span class='ocrx_word' id='word_1_149' title='bbox 1567 826 1690 859; x_wconf 87' lang='lat' dir='ltr'>Scotus</span> <span class='ocrx_word' id='word_1_150' title='bbox 1708 838 1785 859; x_wconf 91' lang='lat' dir='ltr'>cum</span> <span class='ocrx_word' id='word_1_151' title='bbox 1802 827 1871 858; x_wconf 86' lang='lat' dir='ltr'>suis</span> <span class='ocrx_word' id='word_1_152' title='bbox 1895 836 1948 857; x_wconf 90' lang='lat' dir='ltr'>se-</span> 
     </span>
     <span class='ocr_line' id='line_1_19' title="bbox 100 875 1949 920; baseline 0.002 -14"><span class='ocrx_word' id='word_1_153' title='bbox 100 875 276 917; x_wconf 89' lang='lat' dir='ltr'>quacibus,</span> <span class='ocrx_word' id='word_1_154' title='bbox 302 876 358 917; x_wconf 91' lang='lat' dir='ltr'>qui</span> <span class='ocrx_word' id='word_1_155' title='bbox 382 885 500 907; x_wconf 89' lang='lat' dir='ltr'>omnes</span> <span class='ocrx_word' id='word_1_156' title='bbox 523 876 653 917; x_wconf 88' lang='lat' dir='ltr'>bapniti</span> <span class='ocrx_word' id='word_1_157' title='bbox 673 882 770 908; x_wconf 88' lang='lat' dir='ltr'>erant</span> <span class='ocrx_word' id='word_1_158' title='bbox 787 876 830 907; x_wconf 92' lang='lat' dir='ltr'>de</span> <span class='ocrx_word' id='word_1_159' title='bbox 846 876 1038 915; x_wconf 84' lang='lat' dir='ltr'>Placentia,</span> <span class='ocrx_word' id='word_1_160' title='bbox 1062 878 1275 909; x_wconf 83' lang='lat' dir='ltr'>intraverunt</span> <span class='ocrx_word' id='word_1_161' title='bbox 1298 877 1453 910; x_wconf 87' lang='lat' dir='ltr'>Castrum</span> <span class='ocrx_word' id='word_1_162' title='bbox 1479 879 1609 911; x_wconf 90' lang='lat' dir='ltr'>arcoati</span> <span class='ocrx_word' id='word_1_163' title='bbox 1621 879 1648 917; x_wconf 72' lang='lat'>43</span> <span class='ocrx_word' id='word_1_164' title='bbox 1674 885 1707 911; x_wconf 94' lang='lat' dir='ltr'>et</span> <span class='ocrx_word' id='word_1_165' title='bbox 1731 890 1810 910; x_wconf 90' lang='lat' dir='ltr'>cum</span> <span class='ocrx_word' id='word_1_166' title='bbox 1826 889 1949 920; x_wconf 90' lang='lat' dir='ltr'>perve-</span> 
     </span>
     <span class='ocr_line' id='line_1_20' title="bbox 100 928 1946 974; baseline 0.001 -14"><span class='ocrx_word' id='word_1_167' title='bbox 100 934 221 960; x_wconf 85' lang='lat' dir='ltr'>nerunt</span> <span class='ocrx_word' id='word_1_168' title='bbox 243 928 303 965; x_wconf 88' lang='lat' dir='ltr'>ibi,</span> <span class='ocrx_word' id='word_1_169' title='bbox 329 929 568 971; x_wconf 85' lang='lat' dir='ltr'>equitaverunt</span> <span class='ocrx_word' id='word_1_170' title='bbox 583 939 699 961; x_wconf 90' lang='lat' dir='ltr'>versus</span> <span class='ocrx_word' id='word_1_171' title='bbox 715 929 954 972; x_wconf 70' lang='lat' dir='ltr'>Florencolam</span> <span class='ocrx_word' id='word_1_172' title='bbox 972 936 1005 961; x_wconf 88' lang='lat' dir='ltr'>et</span> <span class='ocrx_word' id='word_1_173' title='bbox 1021 929 1225 962; x_wconf 87' lang='lat' dir='ltr'>habuerunt&#39;</span> <span class='ocrx_word' id='word_1_174' title='bbox 1244 942 1329 962; x_wconf 88' lang='lat' dir='ltr'>eam.</span> <span class='ocrx_word' id='word_1_175' title='bbox 1355 931 1591 964; x_wconf 86' lang='lat' dir='ltr'>Incontinenti</span> <span class='ocrx_word' id='word_1_176' title='bbox 1604 932 1735 974; x_wconf 86' lang='lat' dir='ltr'>bapniti</span> <span class='ocrx_word' id='word_1_177' title='bbox 1752 933 1795 963; x_wconf 87' lang='lat' dir='ltr'>de</span> <span class='ocrx_word' id='word_1_178' title='bbox 1820 932 1946 963; x_wconf 84' lang='lat' dir='ltr'>Parma</span> 
     </span>
     <span class='ocr_line' id='line_1_21' title="bbox 101 980 1948 1023; baseline 0.002 -12"><span class='ocrx_word' id='word_1_179' title='bbox 101 986 134 1011; x_wconf 91' lang='lat' dir='ltr'>et</span> <span class='ocrx_word' id='word_1_180' title='bbox 157 980 200 1011; x_wconf 86' lang='lat' dir='ltr'>de</span> <span class='ocrx_word' id='word_1_181' title='bbox 224 980 414 1019; x_wconf 83' lang='lat' dir='ltr'>Placentia,</span> <span class='ocrx_word' id='word_1_182' title='bbox 438 981 496 1023; x_wconf 92' lang='lat' dir='ltr'>qui</span> <span class='ocrx_word' id='word_1_183' title='bbox 521 986 618 1012; x_wconf 89' lang='lat' dir='ltr'>erant</span> <span class='ocrx_word' id='word_1_184' title='bbox 641 981 843 1018; x_wconf 90' lang='lat' dir='ltr'>Roncaroli‚</span> <span class='ocrx_word' id='word_1_185' title='bbox 870 981 1109 1023; x_wconf 87' lang='lat' dir='ltr'>equitaverunt</span> <span class='ocrx_word' id='word_1_186' title='bbox 1141 993 1259 1013; x_wconf 89' lang='lat' dir='ltr'>versus</span> <span class='ocrx_word' id='word_1_187' title='bbox 1290 983 1522 1021; x_wconf 75' lang='lat' dir='ltr'>Placentiam3</span> <span class='ocrx_word' id='word_1_188' title='bbox 1547 990 1580 1016; x_wconf 91' lang='lat' dir='ltr'>et</span> <span class='ocrx_word' id='word_1_189' title='bbox 1604 985 1761 1016; x_wconf 88' lang='lat' dir='ltr'>dominus</span> <span class='ocrx_word' id='word_1_190' title='bbox 1784 983 1948 1015; x_wconf 82' lang='lat' dir='ltr'>Albertus</span> 
     </span>
     <span class='ocr_line' id='line_1_22' title="bbox 101 1033 1946 1078; baseline 0.002 -14"><span class='ocrx_word' id='word_1_191' title='bbox 101 1033 224 1064; x_wconf 88' lang='lat' dir='ltr'>Scotus</span> <span class='ocrx_word' id='word_1_192' title='bbox 248 1043 326 1064; x_wconf 90' lang='lat' dir='ltr'>cum</span> <span class='ocrx_word' id='word_1_193' title='bbox 348 1033 415 1065; x_wconf 88' lang='lat' dir='ltr'>suis</span> <span class='ocrx_word' id='word_1_194' title='bbox 432 1039 466 1065; x_wconf 91' lang='lat' dir='ltr'>et</span> <span class='ocrx_word' id='word_1_195' title='bbox 491 1044 609 1065; x_wconf 87' lang='lat' dir='ltr'>omnes</span> <span class='ocrx_word' id='word_1_196' title='bbox 634 1034 769 1065; x_wconf 85' lang='lat' dir='ltr'>insimul</span> <span class='ocrx_word' id='word_1_197' title='bbox 793 1034 1008 1066; x_wconf 81' lang='lat' dir='ltr'>Placentiam</span> <span class='ocrx_word' id='word_1_198' title='bbox 1032 1035 1246 1067; x_wconf 87' lang='lat' dir='ltr'>intraverunt</span> <span class='ocrx_word' id='word_1_199' title='bbox 1262 1036 1335 1067; x_wconf 89' lang='lat' dir='ltr'>sine</span> <span class='ocrx_word' id='word_1_200' title='bbox 1359 1037 1476 1078; x_wconf 89' lang='lat' dir='ltr'>aliquo</span> <span class='ocrx_word' id='word_1_201' title='bbox 1501 1037 1641 1078; x_wconf 85' lang='lat' dir='ltr'>strepitu</span> <span class='ocrx_word' id='word_1_202' title='bbox 1665 1037 1701 1068; x_wconf 95' lang='lat' dir='ltr'>in</span> <span class='ocrx_word' id='word_1_203' title='bbox 1725 1038 1813 1069; x_wconf 80' lang='lat' dir='ltr'>sesto</span> <span class='ocrx_word' id='word_1_204' title='bbox 1838 1037 1946 1068; x_wconf 85' lang='lat' dir='ltr'>sancti</span> 
     </span>
     <span class='ocr_line' id='line_1_23' title="bbox 101 1085 1947 1132; baseline 0.001 -15"><span class='ocrx_word' id='word_1_205' title='bbox 101 1086 219 1118; x_wconf 86' lang='lat' dir='ltr'>Iacobi</span> <span class='ocrx_word' id='word_1_206' title='bbox 233 1086 260 1123; x_wconf 78' lang='grc' dir='ltr'>5ς</span> <span class='ocrx_word' id='word_1_207' title='bbox 286 1087 367 1128; x_wconf 90' lang='lat' dir='ltr'>quia</span> <span class='ocrx_word' id='word_1_208' title='bbox 390 1091 542 1118; x_wconf 88' lang='lat' dir='ltr'>rectores</span> <span class='ocrx_word' id='word_1_209' title='bbox 564 1087 752 1125; x_wconf 89' lang='lat' dir='ltr'>Placentie‚</span> <span class='ocrx_word' id='word_1_210' title='bbox 769 1092 919 1128; x_wconf 89' lang='lat' dir='ltr'>potestas</span> <span class='ocrx_word' id='word_1_211' title='bbox 931 1085 943 1102; x_wconf 81' lang='lat'><strong>⁰</strong></span> <span class='ocrx_word' id='word_1_212' title='bbox 960 1088 1159 1129; x_wconf 86' lang='lat' dir='ltr'>capitaneus</span> <span class='ocrx_word' id='word_1_213' title='bbox 1172 1087 1182 1103; x_wconf 86' lang='lat'>⁷</span> <span class='ocrx_word' id='word_1_214' title='bbox 1201 1094 1234 1120; x_wconf 89' lang='lat' dir='ltr'>et</span> <span class='ocrx_word' id='word_1_215' title='bbox 1250 1088 1376 1127; x_wconf 87' lang='lat' dir='ltr'>abates,</span> <span class='ocrx_word' id='word_1_216' title='bbox 1395 1090 1558 1132; x_wconf 77' lang='lat' dir='ltr'>fugerunt</span> <span class='ocrx_word' id='word_1_217' title='bbox 1581 1091 1624 1122; x_wconf 91' lang='lat' dir='ltr'>de</span> <span class='ocrx_word' id='word_1_218' title='bbox 1642 1090 1780 1123; x_wconf 86' lang='lat' dir='ltr'>civitate</span> <span class='ocrx_word' id='word_1_219' title='bbox 1792 1096 1947 1130; x_wconf 88' lang='lat' dir='ltr'>tempore</span> 
     </span>
     <span class='ocr_line' id='line_1_24' title="bbox 100 1139 1945 1183; baseline 0.002 -14"><span class='ocrx_word' id='word_1_220' title='bbox 100 1139 229 1176; x_wconf 84' lang='lat' dir='ltr'>noctis3</span> <span class='ocrx_word' id='word_1_221' title='bbox 256 1146 290 1171; x_wconf 85' lang='lat' dir='ltr'>et</span> <span class='ocrx_word' id='word_1_222' title='bbox 325 1139 373 1170; x_wconf 89' lang='lat' dir='ltr'>illi</span> <span class='ocrx_word' id='word_1_223' title='bbox 409 1140 467 1181; x_wconf 89' lang='lat' dir='ltr'>qui</span> <span class='ocrx_word' id='word_1_224' title='bbox 502 1140 715 1171; x_wconf 87' lang='lat' dir='ltr'>intraverant</span> <span class='ocrx_word' id='word_1_225' title='bbox 751 1139 936 1178; x_wconf 88' lang='lat' dir='ltr'>civitatem,</span> <span class='ocrx_word' id='word_1_226' title='bbox 972 1140 1133 1172; x_wconf 78' lang='lat' dir='ltr'>fecerunt</span> <span class='ocrx_word' id='word_1_227' title='bbox 1168 1146 1373 1182; x_wconf 87' lang='lat' dir='ltr'>potestatem</span> <span class='ocrx_word' id='word_1_228' title='bbox 1388 1142 1399 1160; x_wconf 73' lang='lat'><strong>⁸</strong></span> <span class='ocrx_word' id='word_1_229' title='bbox 1423 1149 1456 1173; x_wconf 93' lang='lat' dir='ltr'>et</span> <span class='ocrx_word' id='word_1_230' title='bbox 1491 1143 1706 1183; x_wconf 85' lang='lat' dir='ltr'>capitaneum</span> <span class='ocrx_word' id='word_1_231' title='bbox 1739 1144 1782 1175; x_wconf 88' lang='lat' dir='ltr'>de</span> <span class='ocrx_word' id='word_1_232' title='bbox 1807 1143 1945 1174; x_wconf 85' lang='lat' dir='ltr'>civitate</span> 
     </span>
     <span class='ocr_line' id='line_1_25' title="bbox 99 1191 371 1223; baseline 0.004 -1"><span class='ocrx_word' id='word_1_233' title='bbox 99 1191 280 1223; x_wconf 88' lang='lat' dir='ltr'>Cremone.</span> <span class='ocrx_word' id='word_1_234' title='bbox 305 1198 371 1223; x_wconf 92' lang='lat' dir='ltr'>etc.</span> 
     </span>
    </p>

    <p class='ocr_par' dir='ltr' id='par_1_9' title="bbox 98 1245 1948 1596">
     <span class='ocr_line' id='line_1_26' title="bbox 187 1245 1948 1290; baseline 0.002 -15"><span class='ocrx_word' id='word_1_235' title='bbox 187 1245 318 1277; x_wconf 90' lang='lat' dir='ltr'>Eodem</span> <span class='ocrx_word' id='word_1_236' title='bbox 342 1245 535 1283; x_wconf 90' lang='lat' dir='ltr'>millesimo,</span> <span class='ocrx_word' id='word_1_237' title='bbox 561 1246 604 1277; x_wconf 92' lang='lat' dir='ltr'>de</span> <span class='ocrx_word' id='word_1_238' title='bbox 627 1255 744 1277; x_wconf 87' lang='lat' dir='ltr'>mense</span> <span class='ocrx_word' id='word_1_239' title='bbox 767 1246 912 1288; x_wconf 85' lang='lat' dir='ltr'>augusti.</span> <span class='ocrx_word' id='word_1_240' title='bbox 959 1246 1156 1277; x_wconf 86' lang='lat' dir='ltr'>Malatestes</span> <span class='ocrx_word' id='word_1_241' title='bbox 1170 1246 1182 1264; x_wconf 78' lang='lat'>⁹</span> <span class='ocrx_word' id='word_1_242' title='bbox 1207 1246 1249 1278; x_wconf 92' lang='lat' dir='ltr'>de</span> <span class='ocrx_word' id='word_1_243' title='bbox 1266 1246 1424 1278; x_wconf 80' lang='lat' dir='ltr'>Arimino</span> <span class='ocrx_word' id='word_1_244' title='bbox 1442 1248 1604 1279; x_wconf 88' lang='lat' dir='ltr'>cumillis</span> <span class='ocrx_word' id='word_1_245' title='bbox 1626 1249 1669 1280; x_wconf 89' lang='lat' dir='ltr'>de</span> <span class='ocrx_word' id='word_1_246' title='bbox 1694 1248 1828 1281; x_wconf 88' lang='lat' dir='ltr'>Cesena</span> <span class='ocrx_word' id='word_1_247' title='bbox 1852 1248 1948 1290; x_wconf 89' lang='lat' dir='ltr'>equi-</span> 
     </span>
     <span class='ocr_line' id='line_1_27' title="bbox 99 1296 1944 1340; baseline 0.002 -12"><span class='ocrx_word' id='word_1_248' title='bbox 99 1303 255 1328; x_wconf 76' lang='lat' dir='ltr'>taverunt</span> <span class='ocrx_word' id='word_1_249' title='bbox 278 1296 515 1329; x_wconf 89' lang='lat' dir='ltr'>Bertenorium</span> <span class='ocrx_word' id='word_1_250' title='bbox 529 1298 563 1336; x_wconf 91' lang='lat'>¹⁰,</span> <span class='ocrx_word' id='word_1_251' title='bbox 587 1298 681 1340; x_wconf 91' lang='lat' dir='ltr'>quod</span> <span class='ocrx_word' id='word_1_252' title='bbox 698 1297 847 1330; x_wconf 86' lang='lat' dir='ltr'>debebat</span> <span class='ocrx_word' id='word_1_253' title='bbox 863 1297 952 1330; x_wconf 90' lang='lat' dir='ltr'>tradi</span> <span class='ocrx_word' id='word_1_254' title='bbox 970 1298 1030 1335; x_wconf 90' lang='lat' dir='ltr'>eis,</span> <span class='ocrx_word' id='word_1_255' title='bbox 1047 1305 1100 1331; x_wconf 88' lang='lat' dir='ltr'>set</span> <span class='ocrx_word' id='word_1_256' title='bbox 1116 1309 1185 1330; x_wconf 89' lang='lat' dir='ltr'>non</span> <span class='ocrx_word' id='word_1_257' title='bbox 1203 1298 1393 1330; x_wconf 85' lang='lat' dir='ltr'>habueruut</span> <span class='ocrx_word' id='word_1_258' title='bbox 1409 1310 1503 1331; x_wconf 89' lang='lat' dir='ltr'>eum:</span> <span class='ocrx_word' id='word_1_259' title='bbox 1522 1306 1634 1332; x_wconf 81' lang='lat' dir='ltr'>tamen</span> <span class='ocrx_word' id='word_1_260' title='bbox 1652 1300 1846 1332; x_wconf 85' lang='lat' dir='ltr'>habuerunt</span> <span class='ocrx_word' id='word_1_261' title='bbox 1864 1301 1944 1332; x_wconf 87' lang='lat' dir='ltr'>Glo-</span> 
     </span>
     <span class='ocr_line' id='line_1_28' title="bbox 100 1349 1948 1395; baseline 0.002 -14"><span class='ocrx_word' id='word_1_262' title='bbox 100 1350 226 1381; x_wconf 90' lang='lat' dir='ltr'>donem</span> <span class='ocrx_word' id='word_1_263' title='bbox 240 1351 274 1381; x_wconf 85' lang='lat'>¹¹.</span> <span class='ocrx_word' id='word_1_264' title='bbox 299 1349 482 1392; x_wconf 86' lang='lat' dir='ltr'>Scarpetta</span> <span class='ocrx_word' id='word_1_265' title='bbox 499 1351 542 1382; x_wconf 90' lang='lat' dir='ltr'>de</span> <span class='ocrx_word' id='word_1_266' title='bbox 560 1351 732 1382; x_wconf 87' lang='lat' dir='ltr'>Ordilaffis</span> <span class='ocrx_word' id='word_1_267' title='bbox 749 1362 826 1382; x_wconf 90' lang='lat' dir='ltr'>cum</span> <span class='ocrx_word' id='word_1_268' title='bbox 843 1350 1114 1382; x_wconf 85' lang='lat' dir='ltr'>Furliviensibus</span> <span class='ocrx_word' id='word_1_269' title='bbox 1130 1351 1274 1382; x_wconf 76' lang='lat' dir='ltr'>audIens</span> <span class='ocrx_word' id='word_1_270' title='bbox 1291 1353 1369 1390; x_wconf 88' lang='lat' dir='ltr'>hoc,</span> <span class='ocrx_word' id='word_1_271' title='bbox 1388 1353 1627 1395; x_wconf 86' lang='lat' dir='ltr'>equitaverunt</span> <span class='ocrx_word' id='word_1_272' title='bbox 1643 1354 1689 1384; x_wconf 92' lang='lat' dir='ltr'>ad</span> <span class='ocrx_word' id='word_1_273' title='bbox 1707 1354 1948 1395; x_wconf 87' lang='lat' dir='ltr'>Furlimpopu-</span> 
     </span>
     <span class='ocr_line' id='line_1_29' title="bbox 98 1403 1946 1448; baseline 0.002 -15"><span class='ocrx_word' id='word_1_274' title='bbox 98 1403 185 1440; x_wconf 69' lang='lat' dir='ltr'>lunr:</span> <span class='ocrx_word' id='word_1_275' title='bbox 211 1410 244 1434; x_wconf 86' lang='lat' dir='ltr'>et</span> <span class='ocrx_word' id='word_1_276' title='bbox 267 1403 328 1441; x_wconf 89' lang='lat' dir='ltr'>illi,</span> <span class='ocrx_word' id='word_1_277' title='bbox 353 1404 410 1446; x_wconf 90' lang='lat' dir='ltr'>qui</span> <span class='ocrx_word' id='word_1_278' title='bbox 435 1410 532 1434; x_wconf 81' lang='lat' dir='ltr'>erant</span> <span class='ocrx_word' id='word_1_279' title='bbox 556 1404 590 1434; x_wconf 91' lang='lat' dir='ltr'>in</span> <span class='ocrx_word' id='word_1_280' title='bbox 615 1404 820 1442; x_wconf 87' lang='lat' dir='ltr'>Bertinorio,</span> <span class='ocrx_word' id='word_1_281' title='bbox 845 1410 1012 1435; x_wconf 90' lang='lat' dir='ltr'>venerunt</span> <span class='ocrx_word' id='word_1_282' title='bbox 1036 1404 1172 1435; x_wconf 89' lang='lat' dir='ltr'>obviam</span> <span class='ocrx_word' id='word_1_283' title='bbox 1202 1405 1250 1436; x_wconf 86' lang='lat' dir='ltr'>eis</span> <span class='ocrx_word' id='word_1_284' title='bbox 1275 1410 1308 1436; x_wconf 89' lang='lat' dir='ltr'>et</span> <span class='ocrx_word' id='word_1_285' title='bbox 1331 1405 1477 1446; x_wconf 91' lang='lat' dir='ltr'>prelium</span> <span class='ocrx_word' id='word_1_286' title='bbox 1502 1406 1756 1444; x_wconf 81' lang='lat' dir='ltr'>commiserunt,</span> <span class='ocrx_word' id='word_1_287' title='bbox 1781 1407 1829 1438; x_wconf 89' lang='lat' dir='ltr'>ita</span> <span class='ocrx_word' id='word_1_288' title='bbox 1852 1406 1946 1448; x_wconf 89' lang='lat' dir='ltr'>quod</span> 
     </span>
     <span class='ocr_line' id='line_1_30' title="bbox 99 1455 1948 1501; baseline 0.001 -14"><span class='ocrx_word' id='word_1_289' title='bbox 99 1455 298 1488; x_wconf 86' lang='lat' dir='ltr'>Malatestes</span> <span class='ocrx_word' id='word_1_290' title='bbox 323 1466 401 1488; x_wconf 89' lang='lat' dir='ltr'>cum</span> <span class='ocrx_word' id='word_1_291' title='bbox 425 1457 624 1501; x_wconf 78' lang='lat' dir='ltr'>Cexenariis</span> <span class='ocrx_word' id='word_1_292' title='bbox 649 1462 941 1498; x_wconf 85' lang='lat' dir='ltr'>recuperaverunt</span> <span class='ocrx_word' id='word_1_293' title='bbox 964 1457 1223 1494; x_wconf 82' lang='lat' dir='ltr'>Bertenorium3</span> <span class='ocrx_word' id='word_1_294' title='bbox 1250 1464 1284 1489; x_wconf 87' lang='lat' dir='ltr'>et</span> <span class='ocrx_word' id='word_1_295' title='bbox 1308 1458 1420 1489; x_wconf 79' lang='lat' dir='ltr'>dictus</span> <span class='ocrx_word' id='word_1_296' title='bbox 1452 1457 1635 1500; x_wconf 86' lang='lat' dir='ltr'>Scarpetta</span> <span class='ocrx_word' id='word_1_297' title='bbox 1660 1470 1738 1491; x_wconf 92' lang='lat' dir='ltr'>cum</span> <span class='ocrx_word' id='word_1_298' title='bbox 1760 1460 1828 1491; x_wconf 90' lang='lat' dir='ltr'>suis</span> <span class='ocrx_word' id='word_1_299' title='bbox 1852 1459 1948 1501; x_wconf 88' lang='lat' dir='ltr'>equi-</span> 
     </span>
     <span class='ocr_line' id='line_1_31' title="bbox 101 1509 1948 1552; baseline 0.001 -12"><span class='ocrx_word' id='word_1_300' title='bbox 101 1514 258 1540; x_wconf 82' lang='lat' dir='ltr'>taverunt</span> <span class='ocrx_word' id='word_1_301' title='bbox 281 1510 326 1541; x_wconf 90' lang='lat' dir='ltr'>ad</span> <span class='ocrx_word' id='word_1_302' title='bbox 357 1509 488 1541; x_wconf 89' lang='lat' dir='ltr'>dictum</span> <span class='ocrx_word' id='word_1_303' title='bbox 519 1516 665 1541; x_wconf 86' lang='lat' dir='ltr'>castrum</span> <span class='ocrx_word' id='word_1_304' title='bbox 694 1516 729 1542; x_wconf 89' lang='lat' dir='ltr'>et</span> <span class='ocrx_word' id='word_1_305' title='bbox 760 1511 794 1541; x_wconf 90' lang='lat' dir='ltr'>vi</span> <span class='ocrx_word' id='word_1_306' title='bbox 825 1510 940 1552; x_wconf 88' lang='lat' dir='ltr'>ipsum</span> <span class='ocrx_word' id='word_1_307' title='bbox 970 1510 1183 1547; x_wconf 82' lang='lat' dir='ltr'>habuerunt3</span> <span class='ocrx_word' id='word_1_308' title='bbox 1215 1511 1307 1542; x_wconf 84' lang='lat' dir='ltr'>unde</span> <span class='ocrx_word' id='word_1_309' title='bbox 1340 1512 1433 1552; x_wconf 90' lang='lat' dir='ltr'>capti</span> <span class='ocrx_word' id='word_1_310' title='bbox 1457 1512 1596 1543; x_wconf 78' lang='lat' dir='ltr'>fuerunt</span> <span class='ocrx_word' id='word_1_311' title='bbox 1627 1512 1725 1544; x_wconf 88' lang='lat' dir='ltr'>multi</span> <span class='ocrx_word' id='word_1_312' title='bbox 1755 1512 1798 1543; x_wconf 93' lang='lat' dir='ltr'>de</span> <span class='ocrx_word' id='word_1_313' title='bbox 1821 1511 1948 1543; x_wconf 88' lang='lat' dir='ltr'>Arimi-</span> 
     </span>
     <span class='ocr_line' id='line_1_32' title="bbox 99 1561 1549 1596; baseline 0.002 -3"><span class='ocrx_word' id='word_1_314' title='bbox 99 1561 261 1593; x_wconf 88' lang='lat' dir='ltr'>nensibus</span> <span class='ocrx_word' id='word_1_315' title='bbox 284 1568 317 1594; x_wconf 90' lang='lat' dir='ltr'>et</span> <span class='ocrx_word' id='word_1_316' title='bbox 340 1563 418 1594; x_wconf 91' lang='lat' dir='ltr'>aliis</span> <span class='ocrx_word' id='word_1_317' title='bbox 441 1563 535 1594; x_wconf 88' lang='lat' dir='ltr'>circa</span> <span class='ocrx_word' id='word_1_318' title='bbox 558 1566 623 1594; x_wconf 76' lang='lat' dir='ltr'>MV⁰</span> <span class='ocrx_word' id='word_1_319' title='bbox 647 1569 681 1595; x_wconf 92' lang='lat' dir='ltr'>et</span> <span class='ocrx_word' id='word_1_320' title='bbox 705 1564 947 1595; x_wconf 81' lang='lat' dir='ltr'>conduxerunt</span> <span class='ocrx_word' id='word_1_321' title='bbox 970 1563 999 1594; x_wconf 94' lang='lat' dir='ltr'>F</span> <span class='ocrx_word' id='word_1_322' title='bbox 1002 1563 1161 1594; x_wconf 87' lang='lat' dir='ltr'>orlivium</span> <span class='ocrx_word' id='word_1_323' title='bbox 1185 1564 1220 1594; x_wconf 92' lang='lat' dir='ltr'>in</span> <span class='ocrx_word' id='word_1_324' title='bbox 1243 1564 1312 1595; x_wconf 88' lang='lat' dir='ltr'>suis</span> <span class='ocrx_word' id='word_1_325' title='bbox 1344 1564 1549 1596; x_wconf 86' lang='lat' dir='ltr'>carceribus.</span> 
     </span>
    </p>

    <p class='ocr_par' dir='ltr' id='par_1_10' title="bbox 95 1615 1948 1971">
     <span class='ocr_line' id='line_1_33' title="bbox 186 1615 1948 1660; baseline 0.002 -14"><span class='ocrx_word' id='word_1_326' title='bbox 186 1615 321 1646; x_wconf 88' lang='lat' dir='ltr'>Eodem</span> <span class='ocrx_word' id='word_1_327' title='bbox 344 1615 536 1647; x_wconf 88' lang='lat' dir='ltr'>millesimo.</span> <span class='ocrx_word' id='word_1_328' title='bbox 560 1616 699 1657; x_wconf 83' lang='lat' dir='ltr'>Bapniti</span> <span class='ocrx_word' id='word_1_329' title='bbox 722 1616 881 1659; x_wconf 86' lang='lat' dir='ltr'>Bryssye,</span> <span class='ocrx_word' id='word_1_330' title='bbox 906 1616 964 1658; x_wconf 91' lang='lat' dir='ltr'>qui</span> <span class='ocrx_word' id='word_1_331' title='bbox 981 1616 1203 1648; x_wconf 87' lang='lat' dir='ltr'>morabantur</span> <span class='ocrx_word' id='word_1_332' title='bbox 1226 1616 1408 1656; x_wconf 89' lang='lat' dir='ltr'>Cremone,</span> <span class='ocrx_word' id='word_1_333' title='bbox 1434 1618 1673 1660; x_wconf 85' lang='lat' dir='ltr'>equitaverunt</span> <span class='ocrx_word' id='word_1_334' title='bbox 1688 1629 1791 1660; x_wconf 85' lang='lat' dir='ltr'>super</span> <span class='ocrx_word' id='word_1_335' title='bbox 1814 1619 1948 1660; x_wconf 88' lang='lat' dir='ltr'>episco-</span> 
     </span>
     <span class='ocr_line' id='line_1_34' title="bbox 100 1668 1946 1712; baseline 0.002 -14"><span class='ocrx_word' id='word_1_336' title='bbox 100 1673 217 1709; x_wconf 88' lang='lat' dir='ltr'>patum</span> <span class='ocrx_word' id='word_1_337' title='bbox 240 1668 388 1711; x_wconf 85' lang='lat' dir='ltr'>Bryssye</span> <span class='ocrx_word' id='word_1_338' title='bbox 414 1678 491 1700; x_wconf 90' lang='lat' dir='ltr'>cum</span> <span class='ocrx_word' id='word_1_339' title='bbox 516 1674 611 1700; x_wconf 86' lang='lat' dir='ltr'>certa</span> <span class='ocrx_word' id='word_1_340' title='bbox 626 1675 724 1710; x_wconf 88' lang='lat' dir='ltr'>parte</span> <span class='ocrx_word' id='word_1_341' title='bbox 740 1669 1026 1701; x_wconf 90' lang='lat' dir='ltr'>Cremonensium</span> <span class='ocrx_word' id='word_1_342' title='bbox 1043 1676 1076 1700; x_wconf 88' lang='lat' dir='ltr'>et</span> <span class='ocrx_word' id='word_1_343' title='bbox 1093 1670 1228 1701; x_wconf 82' lang='lat' dir='ltr'>iverunt</span> <span class='ocrx_word' id='word_1_344' title='bbox 1245 1670 1289 1702; x_wconf 89' lang='lat' dir='ltr'>ad</span> <span class='ocrx_word' id='word_1_345' title='bbox 1307 1670 1479 1712; x_wconf 81' lang='lat' dir='ltr'>Senegam</span> <span class='ocrx_word' id='word_1_346' title='bbox 1495 1670 1517 1688; x_wconf 71' lang='lat'>¹²</span> <span class='ocrx_word' id='word_1_347' title='bbox 1535 1676 1567 1702; x_wconf 91' lang='lat' dir='ltr'>et</span> <span class='ocrx_word' id='word_1_348' title='bbox 1584 1681 1661 1702; x_wconf 89' lang='lat' dir='ltr'>cum</span> <span class='ocrx_word' id='word_1_349' title='bbox 1678 1671 1745 1702; x_wconf 92' lang='lat' dir='ltr'>illis</span> <span class='ocrx_word' id='word_1_350' title='bbox 1762 1671 1804 1702; x_wconf 90' lang='lat' dir='ltr'>de</span> <span class='ocrx_word' id='word_1_351' title='bbox 1823 1670 1946 1702; x_wconf 89' lang='lat' dir='ltr'>castro&#39;</span> 
     </span>
     <span class='ocr_line' id='line_1_35' title="bbox 100 1721 1945 1764; baseline 0.002 -12"><span class='ocrx_word' id='word_1_352' title='bbox 100 1721 245 1762; x_wconf 86' lang='lat' dir='ltr'>prelium</span> <span class='ocrx_word' id='word_1_353' title='bbox 271 1722 524 1760; x_wconf 88' lang='lat' dir='ltr'>commiserunt,</span> <span class='ocrx_word' id='word_1_354' title='bbox 551 1729 584 1753; x_wconf 84' lang='lat' dir='ltr'>et</span> <span class='ocrx_word' id='word_1_355' title='bbox 608 1721 715 1753; x_wconf 87' lang='lat' dir='ltr'>nichil</span> <span class='ocrx_word' id='word_1_356' title='bbox 738 1722 870 1763; x_wconf 80' lang='lat' dir='ltr'>profuit</span> <span class='ocrx_word' id='word_1_357' title='bbox 894 1721 959 1759; x_wconf 68' lang='lat' dir='ltr'>eis:</span> <span class='ocrx_word' id='word_1_358' title='bbox 984 1728 1034 1753; x_wconf 88' lang='lat' dir='ltr'>set</span> <span class='ocrx_word' id='word_1_359' title='bbox 1053 1721 1137 1754; x_wconf 90' lang='lat' dir='ltr'>duas</span> <span class='ocrx_word' id='word_1_360' title='bbox 1155 1723 1277 1755; x_wconf 88' lang='lat' dir='ltr'>domos</span> <span class='ocrx_word' id='word_1_361' title='bbox 1301 1723 1565 1764; x_wconf 88' lang='lat' dir='ltr'>derupaverunt.</span> <span class='ocrx_word' id='word_1_362' title='bbox 1589 1723 1714 1755; x_wconf 89' lang='lat' dir='ltr'>Postea</span> <span class='ocrx_word' id='word_1_363' title='bbox 1737 1731 1945 1757; x_wconf 82' lang='lat' dir='ltr'>cucurerunt</span> 
     </span>
     <span class='ocr_line' id='line_1_36' title="bbox 97 1773 1948 1818; baseline 0.002 -14"><span class='ocrx_word' id='word_1_364' title='bbox 97 1785 200 1815; x_wconf 88' lang='lat' dir='ltr'>super</span> <span class='ocrx_word' id='word_1_365' title='bbox 223 1775 435 1815; x_wconf 88' lang='lat' dir='ltr'>episcopatu,</span> <span class='ocrx_word' id='word_1_366' title='bbox 459 1780 493 1806; x_wconf 90' lang='lat' dir='ltr'>et</span> <span class='ocrx_word' id='word_1_367' title='bbox 516 1774 781 1806; x_wconf 89' lang='lat' dir='ltr'>comburserunt</span> <span class='ocrx_word' id='word_1_368' title='bbox 804 1780 872 1806; x_wconf 87' lang='lat' dir='ltr'>tres</span> <span class='ocrx_word' id='word_1_369' title='bbox 903 1774 1012 1806; x_wconf 90' lang='lat' dir='ltr'>villas.</span> <span class='ocrx_word' id='word_1_370' title='bbox 1061 1773 1312 1807; x_wconf 88' lang='lat' dir='ltr'>Cremonenses</span> <span class='ocrx_word' id='word_1_371' title='bbox 1344 1776 1523 1807; x_wconf 86' lang='lat' dir='ltr'>audientes</span> <span class='ocrx_word' id='word_1_372' title='bbox 1547 1777 1615 1807; x_wconf 91' lang='lat' dir='ltr'>hoc</span> <span class='ocrx_word' id='word_1_373' title='bbox 1639 1776 1879 1818; x_wconf 87' lang='lat' dir='ltr'>equitaverunt</span> <span class='ocrx_word' id='word_1_374' title='bbox 1903 1779 1948 1809; x_wconf 89' lang='lat' dir='ltr'>ad</span> 
     </span>
     <span class='ocr_line' id='line_1_37' title="bbox 97 1826 1946 1871; baseline 0.002 -13"><span class='ocrx_word' id='word_1_375' title='bbox 97 1826 246 1858; x_wconf 87' lang='lat' dir='ltr'>Rebech</span> <span class='ocrx_word' id='word_1_376' title='bbox 261 1826 284 1845; x_wconf 78' lang='lat'>¹³</span> <span class='ocrx_word' id='word_1_377' title='bbox 301 1833 335 1858; x_wconf 92' lang='lat' dir='ltr'>et</span> <span class='ocrx_word' id='word_1_378' title='bbox 350 1827 577 1870; x_wconf 87' lang='lat' dir='ltr'>Bryssyenses</span> <span class='ocrx_word' id='word_1_379' title='bbox 593 1827 638 1858; x_wconf 86' lang='lat' dir='ltr'>ad</span> <span class='ocrx_word' id='word_1_380' title='bbox 654 1827 801 1858; x_wconf 89' lang='lat' dir='ltr'>Pontem</span> <span class='ocrx_word' id='word_1_381' title='bbox 825 1827 941 1859; x_wconf 89' lang='lat' dir='ltr'>vicum</span> <span class='ocrx_word' id='word_1_382' title='bbox 951 1827 975 1845; x_wconf 76' lang='lat'>¹⁴</span> <span class='ocrx_word' id='word_1_383' title='bbox 998 1838 1108 1869; x_wconf 91' lang='lat' dir='ltr'>prope</span> <span class='ocrx_word' id='word_1_384' title='bbox 1124 1838 1193 1866; x_wconf 90' lang='lat' dir='ltr'>eos,</span> <span class='ocrx_word' id='word_1_385' title='bbox 1212 1834 1245 1859; x_wconf 91' lang='lat' dir='ltr'>et</span> <span class='ocrx_word' id='word_1_386' title='bbox 1261 1828 1308 1859; x_wconf 92' lang='lat' dir='ltr'>ibi</span> <span class='ocrx_word' id='word_1_387' title='bbox 1325 1828 1423 1859; x_wconf 89' lang='lat' dir='ltr'>ambe</span> <span class='ocrx_word' id='word_1_388' title='bbox 1440 1834 1556 1870; x_wconf 88' lang='lat' dir='ltr'>partes</span> <span class='ocrx_word' id='word_1_389' title='bbox 1571 1834 1737 1861; x_wconf 82' lang='lat' dir='ltr'>steterunt</span> <span class='ocrx_word' id='word_1_390' title='bbox 1751 1840 1814 1870; x_wconf 90' lang='lat' dir='ltr'>per</span> <span class='ocrx_word' id='word_1_391' title='bbox 1830 1830 1946 1871; x_wconf 88' lang='lat' dir='ltr'>plures</span> 
     </span>
     <span class='ocr_line' id='line_1_38' title="bbox 96 1877 1946 1920; baseline 0.002 -11"><span class='ocrx_word' id='word_1_392' title='bbox 96 1877 192 1915; x_wconf 83' lang='lat' dir='ltr'>dies;</span> <span class='ocrx_word' id='word_1_393' title='bbox 209 1878 300 1909; x_wconf 89' lang='lat' dir='ltr'>unde</span> <span class='ocrx_word' id='word_1_394' title='bbox 317 1884 469 1919; x_wconf 88' lang='lat' dir='ltr'>potestas</span> <span class='ocrx_word' id='word_1_395' title='bbox 484 1877 679 1910; x_wconf 89' lang='lat' dir='ltr'>Mediolani</span> <span class='ocrx_word' id='word_1_396' title='bbox 692 1877 716 1896; x_wconf 71' lang='lat'>¹⁵</span> <span class='ocrx_word' id='word_1_397' title='bbox 741 1888 819 1909; x_wconf 91' lang='lat' dir='ltr'>cum</span> <span class='ocrx_word' id='word_1_398' title='bbox 834 1877 1123 1910; x_wconf 84' lang='lat' dir='ltr'>Laudanensibus</span> <span class='ocrx_word' id='word_1_399' title='bbox 1139 1879 1377 1920; x_wconf 84' lang='lat' dir='ltr'>equitaverunt</span> <span class='ocrx_word' id='word_1_400' title='bbox 1393 1880 1438 1911; x_wconf 92' lang='lat' dir='ltr'>ad</span> <span class='ocrx_word' id='word_1_401' title='bbox 1455 1879 1645 1911; x_wconf 80' lang='lat' dir='ltr'>exercitum</span> <span class='ocrx_word' id='word_1_402' title='bbox 1663 1879 1946 1912; x_wconf 90' lang='lat' dir='ltr'>Cremonensium</span> 
     </span>
     <span class='ocr_line' id='line_1_39' title="bbox 95 1927 1638 1971; baseline 0.002 -13"><span class='ocrx_word' id='word_1_403' title='bbox 95 1927 130 1959; x_wconf 90' lang='lat' dir='ltr'>in</span> <span class='ocrx_word' id='word_1_404' title='bbox 154 1938 271 1960; x_wconf 90' lang='lat' dir='ltr'>eorum</span> <span class='ocrx_word' id='word_1_405' title='bbox 295 1928 439 1965; x_wconf 75' lang='lat' dir='ltr'>auxilio:</span> <span class='ocrx_word' id='word_1_406' title='bbox 463 1934 514 1960; x_wconf 90' lang='lat' dir='ltr'>set</span> <span class='ocrx_word' id='word_1_407' title='bbox 539 1928 650 1960; x_wconf 90' lang='lat' dir='ltr'>nichil</span> <span class='ocrx_word' id='word_1_408' title='bbox 674 1929 816 1970; x_wconf 75' lang='lat' dir='ltr'>profuit,</span> <span class='ocrx_word' id='word_1_409' title='bbox 834 1929 914 1971; x_wconf 89' lang='lat' dir='ltr'>quia</span> <span class='ocrx_word' id='word_1_410' title='bbox 939 1939 998 1960; x_wconf 91' lang='lat' dir='ltr'>eos</span> <span class='ocrx_word' id='word_1_411' title='bbox 1021 1930 1187 1961; x_wconf 86' lang='lat' dir='ltr'>recedere</span> <span class='ocrx_word' id='word_1_412' title='bbox 1213 1930 1386 1971; x_wconf 89' lang='lat' dir='ltr'>opportuit</span> <span class='ocrx_word' id='word_1_413' title='bbox 1410 1930 1500 1961; x_wconf 89' lang='lat' dir='ltr'>malo</span> <span class='ocrx_word' id='word_1_414' title='bbox 1524 1930 1638 1961; x_wconf 89' lang='lat' dir='ltr'>modo.</span> 
     </span>
    </p>

    <p class='ocr_par' dir='ltr' id='par_1_11' title="bbox 97 1981 1947 2184">
     <span class='ocr_line' id='line_1_40' title="bbox 184 1981 1947 2027; baseline 0.002 -14"><span class='ocrx_word' id='word_1_415' title='bbox 184 1982 318 2013; x_wconf 88' lang='lat' dir='ltr'>Eodem</span> <span class='ocrx_word' id='word_1_416' title='bbox 343 1981 532 2020; x_wconf 88' lang='lat' dir='ltr'>millesimo,</span> <span class='ocrx_word' id='word_1_417' title='bbox 547 1983 591 2014; x_wconf 86' lang='lat' dir='ltr'>de</span> <span class='ocrx_word' id='word_1_418' title='bbox 615 1992 731 2014; x_wconf 89' lang='lat' dir='ltr'>mense</span> <span class='ocrx_word' id='word_1_419' title='bbox 757 1982 900 2025; x_wconf 84' lang='lat' dir='ltr'>augusti.</span> <span class='ocrx_word' id='word_1_420' title='bbox 948 1982 1114 2014; x_wconf 86' lang='lat' dir='ltr'>Dominus</span> <span class='ocrx_word' id='word_1_421' title='bbox 1139 1982 1247 2027; x_wconf 79' lang='lat' dir='ltr'>Cilius</span> <span class='ocrx_word' id='word_1_422' title='bbox 1265 1983 1308 2014; x_wconf 92' lang='lat' dir='ltr'>de</span> <span class='ocrx_word' id='word_1_423' title='bbox 1326 1983 1476 2015; x_wconf 86' lang='lat' dir='ltr'>Turchis</span> <span class='ocrx_word' id='word_1_424' title='bbox 1500 1983 1543 2015; x_wconf 88' lang='lat' dir='ltr'>de</span> <span class='ocrx_word' id='word_1_425' title='bbox 1568 1984 1727 2015; x_wconf 87' lang='lat' dir='ltr'>Ferraria</span> <span class='ocrx_word' id='word_1_426' title='bbox 1746 1990 1866 2026; x_wconf 88' lang='lat' dir='ltr'>captus</span> <span class='ocrx_word' id='word_1_427' title='bbox 1882 1985 1947 2017; x_wconf 77' lang='lat' dir='ltr'>fuit</span> 
     </span>
     <span class='ocr_line' id='line_1_41' title="bbox 97 2035 1947 2078; baseline 0.002 -13"><span class='ocrx_word' id='word_1_428' title='bbox 97 2041 238 2076; x_wconf 87' lang='lat' dir='ltr'>propter</span> <span class='ocrx_word' id='word_1_429' title='bbox 261 2035 434 2076; x_wconf 88' lang='lat' dir='ltr'>quoddam</span> <span class='ocrx_word' id='word_1_430' title='bbox 458 2040 639 2066; x_wconf 88' lang='lat' dir='ltr'>tractatum</span> <span class='ocrx_word' id='word_1_431' title='bbox 656 2041 777 2067; x_wconf 85' lang='lat' dir='ltr'>contra</span> <span class='ocrx_word' id='word_1_432' title='bbox 795 2035 969 2067; x_wconf 87' lang='lat' dir='ltr'>dominum</span> <span class='ocrx_word' id='word_1_433' title='bbox 986 2036 1221 2066; x_wconf 88' lang='lat' dir='ltr'>marchionem</span> <span class='ocrx_word' id='word_1_434' title='bbox 1244 2035 1419 2067; x_wconf 87' lang='lat' dir='ltr'>Aczonem</span> <span class='ocrx_word' id='word_1_435' title='bbox 1446 2041 1632 2073; x_wconf 86' lang='lat' dir='ltr'>estensem;</span> <span class='ocrx_word' id='word_1_436' title='bbox 1659 2043 1692 2068; x_wconf 91' lang='lat' dir='ltr'>et</span> <span class='ocrx_word' id='word_1_437' title='bbox 1714 2037 1805 2078; x_wconf 90' lang='lat' dir='ltr'>capti</span> <span class='ocrx_word' id='word_1_438' title='bbox 1828 2047 1947 2070; x_wconf 89' lang='lat' dir='ltr'>omues</span> 
     </span>
     <span class='ocr_line' id='line_1_42' title="bbox 98 2087 1946 2130; baseline 0.002 -12"><span class='ocrx_word' id='word_1_439' title='bbox 98 2088 141 2118; x_wconf 89' lang='lat' dir='ltr'>de</span> <span class='ocrx_word' id='word_1_440' title='bbox 164 2087 238 2130; x_wconf 85' lang='lat' dir='ltr'>ejus</span> <span class='ocrx_word' id='word_1_441' title='bbox 261 2087 402 2126; x_wconf 80' lang='lat' dir='ltr'>familia,</span> <span class='ocrx_word' id='word_1_442' title='bbox 427 2097 511 2130; x_wconf 85' lang='lat' dir='ltr'>quos</span> <span class='ocrx_word' id='word_1_443' title='bbox 535 2088 663 2119; x_wconf 84' lang='lat' dir='ltr'>habere</span> <span class='ocrx_word' id='word_1_444' title='bbox 686 2094 872 2129; x_wconf 83' lang='lat' dir='ltr'>potuerunt</span> <span class='ocrx_word' id='word_1_445' title='bbox 895 2088 930 2118; x_wconf 90' lang='lat' dir='ltr'>in</span> <span class='ocrx_word' id='word_1_446' title='bbox 954 2087 1113 2119; x_wconf 84' lang='lat' dir='ltr'>Ferraria</span> <span class='ocrx_word' id='word_1_447' title='bbox 1146 2094 1179 2120; x_wconf 89' lang='lat' dir='ltr'>et</span> <span class='ocrx_word' id='word_1_448' title='bbox 1210 2088 1246 2119; x_wconf 86' lang='lat' dir='ltr'>in</span> <span class='ocrx_word' id='word_1_449' title='bbox 1271 2088 1437 2125; x_wconf 86' lang='lat' dir='ltr'>districtu,</span> <span class='ocrx_word' id='word_1_450' title='bbox 1461 2088 1595 2120; x_wconf 89' lang='lat' dir='ltr'>scilicet</span> <span class='ocrx_word' id='word_1_451' title='bbox 1625 2089 1761 2128; x_wconf 74' lang='lat' dir='ltr'>fratres,</span> <span class='ocrx_word' id='word_1_452' title='bbox 1784 2090 1856 2128; x_wconf 88' lang='lat' dir='ltr'>filii,</span> <span class='ocrx_word' id='word_1_453' title='bbox 1886 2102 1946 2122; x_wconf 89' lang='lat' dir='ltr'>ne—</span> 
     </span>
     <span class='ocr_line' id='line_1_43' title="bbox 99 2141 1944 2184; baseline 0.002 -13"><span class='ocrx_word' id='word_1_454' title='bbox 99 2146 206 2182; x_wconf 85' lang='lat' dir='ltr'>potes,</span> <span class='ocrx_word' id='word_1_455' title='bbox 232 2141 290 2182; x_wconf 92' lang='lat' dir='ltr'>qui</span> <span class='ocrx_word' id='word_1_456' title='bbox 314 2149 380 2172; x_wconf 82' lang='lat' dir='ltr'>xm</span> <span class='ocrx_word' id='word_1_457' title='bbox 406 2141 555 2179; x_wconf 81' lang='lat' dir='ltr'>fuerunt,</span> <span class='ocrx_word' id='word_1_458' title='bbox 580 2146 613 2172; x_wconf 93' lang='lat' dir='ltr'>et</span> <span class='ocrx_word' id='word_1_459' title='bbox 637 2141 802 2173; x_wconf 89' lang='lat' dir='ltr'>conducti</span> <span class='ocrx_word' id='word_1_460' title='bbox 834 2141 867 2172; x_wconf 92' lang='lat' dir='ltr'>in</span> <span class='ocrx_word' id='word_1_461' title='bbox 899 2141 1022 2173; x_wconf 87' lang='lat' dir='ltr'>Castro</span> <span class='ocrx_word' id='word_1_462' title='bbox 1047 2141 1163 2172; x_wconf 88' lang='lat' dir='ltr'>tealdo</span> <span class='ocrx_word' id='word_1_463' title='bbox 1194 2141 1228 2172; x_wconf 90' lang='lat' dir='ltr'>iu</span> <span class='ocrx_word' id='word_1_464' title='bbox 1262 2141 1432 2180; x_wconf 88' lang='lat' dir='ltr'>Ferraria,</span> <span class='ocrx_word' id='word_1_465' title='bbox 1464 2141 1522 2173; x_wconf 88' lang='lat' dir='ltr'>ubi</span> <span class='ocrx_word' id='word_1_466' title='bbox 1549 2141 1727 2183; x_wconf 88' lang='lat' dir='ltr'>perierunt</span> <span class='ocrx_word' id='word_1_467' title='bbox 1749 2143 1944 2184; x_wconf 87' lang='lat' dir='ltr'>turpissima</span> 
     </span>
    </p>
   </div>
   <div class='ocr_carea' id='block_1_9' title="bbox 97 2290 1946 2447">
    <p class='ocr_par' dir='ltr' id='par_1_12' title="bbox 97 2290 1946 2447">
     <span class='ocr_line' id='line_1_44' title="bbox 188 2290 1946 2322; baseline 0.001 -8"><span class='ocrx_word' id='word_1_468' title='bbox 188 2297 210 2314; x_wconf 78' lang='lat'>1.</span> <span class='ocrx_word' id='word_1_469' title='bbox 226 2292 316 2321; x_wconf 80' lang='lat' dir='ltr'>prima</span> <span class='ocrx_word' id='word_1_470' title='bbox 336 2291 427 2315; x_wconf 84' lang='lat' dir='ltr'>Garde</span> <span class='ocrx_word' id='word_1_471' title='bbox 446 2292 474 2313; x_wconf 81' lang='lat' dir='ltr'>in</span> <span class='ocrx_word' id='word_1_472' title='bbox 494 2291 529 2318; x_wconf 83' lang='grc' dir='ltr'>Α,</span> <span class='ocrx_word' id='word_1_473' title='bbox 545 2292 592 2322; x_wconf 77' lang='lat' dir='ltr'>poi</span> <span class='ocrx_word' id='word_1_474' title='bbox 609 2293 715 2321; x_wconf 70' lang='lat' dir='ltr'>espzcuto</span> <span class='ocrx_word' id='word_1_475' title='bbox 736 2290 760 2315; x_wconf 91' lang='lat' dir='ltr'>G</span> <span class='ocrx_word' id='word_1_476' title='bbox 779 2298 792 2313; x_wconf 81' lang='lat' dir='ltr'>e</span> <span class='ocrx_word' id='word_1_477' title='bbox 809 2293 970 2321; x_wconf 75' lang='lat' dir='ltr'>sovrapposto</span> <span class='ocrx_word' id='word_1_478' title='bbox 984 2291 1000 2314; x_wconf 93' lang='lat' dir='ltr'>b</span> <span class='ocrx_word' id='word_1_479' title='bbox 1020 2291 1050 2313; x_wconf 74' lang='lat' dir='ltr'>di</span> <span class='ocrx_word' id='word_1_480' title='bbox 1067 2294 1194 2313; x_wconf 64' lang='lat' dir='ltr'>mratfcrc</span> <span class='ocrx_word' id='word_1_481' title='bbox 1215 2291 1334 2317; x_wconf 75' lang='lat' dir='ltr'>minuto,-</span> <span class='ocrx_word' id='word_1_482' title='bbox 1357 2290 1382 2313; x_wconf 73' lang='lat' dir='ltr'><em>B</em></span> <span class='ocrx_word' id='word_1_483' title='bbox 1401 2291 1434 2312; x_wconf 75' lang='grc' dir='ltr'>ιίὰ</span> <span class='ocrx_word' id='word_1_484' title='bbox 1454 2290 1566 2314; x_wconf 82' lang='lat' dir='ltr'>Gharde</span> <span class='ocrx_word' id='word_1_485' title='bbox 1586 2292 1749 2314; x_wconf 59' lang='lat' dir='ltr'>scmnbiando</span> <span class='ocrx_word' id='word_1_486' title='bbox 1761 2290 1836 2320; x_wconf 72' lang='lat' dir='ltr'>forse</span> <span class='ocrx_word' id='word_1_487' title='bbox 1864 2292 1881 2315; x_wconf 90' lang='lat' dir='ltr'>b</span> <span class='ocrx_word' id='word_1_488' title='bbox 1899 2300 1946 2315; x_wconf 80' lang='lat' dir='ltr'>con</span> 
     </span>
     <span class='ocr_line' id='line_1_45' title="bbox 97 2332 1945 2365; baseline 0.001 -10"><span class='ocrx_word' id='word_1_489' title='bbox 97 2332 116 2355; x_wconf 93' lang='lat' dir='ltr'>h</span> <span class='ocrx_word' id='word_1_490' title='bbox 135 2340 148 2354; x_wconf 87' lang='lat' dir='ltr'>e</span> <span class='ocrx_word' id='word_1_491' title='bbox 166 2340 216 2355; x_wconf 79' lang='lat' dir='ltr'>non</span> <span class='ocrx_word' id='word_1_492' title='bbox 235 2333 414 2363; x_wconf 64' lang='lat' dir='ltr'>act-urgentiori</span> <span class='ocrx_word' id='word_1_493' title='bbox 426 2333 469 2355; x_wconf 72' lang='lat' dir='ltr'>del</span> <span class='ocrx_word' id='word_1_494' title='bbox 480 2341 556 2364; x_wconf 75' lang='lat' dir='ltr'>scgno</span> <span class='ocrx_word' id='word_1_495' title='bbox 570 2334 599 2356; x_wconf 76' lang='lat' dir='ltr'>di</span> <span class='ocrx_word' id='word_1_496' title='bbox 610 2333 780 2364; x_wconf 55' lang='lat' dir='ltr'>apum-ione,-</span> <span class='ocrx_word' id='word_1_497' title='bbox 795 2333 872 2357; x_wconf 72' lang='lat' dir='ltr'>Mun.</span> <span class='ocrx_word' id='word_1_498' title='bbox 889 2333 1001 2357; x_wconf 81' lang='lat' dir='ltr'>Gharde</span> <span class='ocrx_word' id='word_1_499' title='bbox 1022 2346 1053 2349; x_wconf 86' lang='lat'><strong>—</strong></span> <span class='ocrx_word' id='word_1_500' title='bbox 1068 2340 1093 2360; x_wconf 68' lang='lat' dir='ltr'>s).</span> <span class='ocrx_word' id='word_1_501' title='bbox 1114 2332 1300 2364; x_wconf 71' lang='lat' dir='ltr'>transierunt]</span> <span class='ocrx_word' id='word_1_502' title='bbox 1321 2332 1511 2356; x_wconf 79' lang='lat' dir='ltr'>stransierunt</span> <span class='ocrx_word' id='word_1_503' title='bbox 1529 2333 1552 2355; x_wconf 82' lang='grc' dir='ltr'><em>Α</em></span> <span class='ocrx_word' id='word_1_504' title='bbox 1567 2346 1599 2350; x_wconf 85' lang='lat'><strong>—</strong></span> <span class='ocrx_word' id='word_1_505' title='bbox 1618 2340 1656 2365; x_wconf 83' lang='lat'>¹3·</span> <span class='ocrx_word' id='word_1_506' title='bbox 1672 2333 1859 2357; x_wconf 82' lang='lat' dir='ltr'>Roncarolum</span> <span class='ocrx_word' id='word_1_507' title='bbox 1874 2335 1897 2357; x_wconf 78' lang='lat' dir='ltr'><em>A</em></span> <span class='ocrx_word' id='word_1_508' title='bbox 1912 2347 1945 2350; x_wconf 88' lang='lat'>——</span> 
     </span>
     <span class='ocr_line' id='line_1_46' title="bbox 100 2374 1945 2407; baseline 0.001 -10"><span class='ocrx_word' id='word_1_509' title='bbox 100 2380 141 2397; x_wconf 79' lang='lat' dir='ltr'>zo.</span> <span class='ocrx_word' id='word_1_510' title='bbox 156 2374 317 2398; x_wconf 79' lang='lat' dir='ltr'>Malatestae</span> <span class='ocrx_word' id='word_1_511' title='bbox 329 2374 407 2399; x_wconf 69' lang='lat' dir='ltr'>Mun.</span> <span class='ocrx_word' id='word_1_512' title='bbox 423 2388 454 2391; x_wconf 98' lang='lat'><strong>—</strong></span> <span class='ocrx_word' id='word_1_513' title='bbox 470 2381 560 2405; x_wconf 75' lang='lat'>22-23.</span> <span class='ocrx_word' id='word_1_514' title='bbox 575 2375 771 2406; x_wconf 83' lang='lat' dir='ltr'>equitaverunt</span> <span class='ocrx_word' id='word_1_515' title='bbox 785 2375 810 2397; x_wconf 85' lang='lat' dir='ltr'><em>B</em></span> <span class='ocrx_word' id='word_1_516' title='bbox 824 2375 917 2403; x_wconf 79' lang='lat' dir='ltr'>MUR.3</span> <span class='ocrx_word' id='word_1_517' title='bbox 937 2375 1014 2406; x_wconf 72' lang='lat' dir='ltr'>equit</span> <span class='ocrx_word' id='word_1_518' title='bbox 1028 2375 1051 2397; x_wconf 74' lang='lat' dir='ltr'><em>A</em></span> <span class='ocrx_word' id='word_1_519' title='bbox 1073 2388 1103 2391; x_wconf 86' lang='lat'>—</span> <span class='ocrx_word' id='word_1_520' title='bbox 1126 2374 1166 2398; x_wconf 73' lang='lat'>23.</span> <span class='ocrx_word' id='word_1_521' title='bbox 1181 2374 1234 2398; x_wconf 80' lang='lat' dir='ltr'>hoc</span> <span class='ocrx_word' id='word_1_522' title='bbox 1260 2381 1306 2397; x_wconf 88' lang='lat' dir='ltr'>om.</span> <span class='ocrx_word' id='word_1_523' title='bbox 1318 2374 1343 2397; x_wconf 84' lang='lat' dir='ltr'><em>B</em></span> <span class='ocrx_word' id='word_1_524' title='bbox 1354 2374 1431 2398; x_wconf 72' lang='lat' dir='ltr'>Mun.</span> <span class='ocrx_word' id='word_1_525' title='bbox 1449 2387 1480 2390; x_wconf 94' lang='lat'>—</span> <span class='ocrx_word' id='word_1_526' title='bbox 1496 2380 1538 2405; x_wconf 83' lang='lat'>29.</span> <span class='ocrx_word' id='word_1_527' title='bbox 1557 2375 1639 2398; x_wconf 84' lang='lat' dir='ltr'>ambo</span> <span class='ocrx_word' id='word_1_528' title='bbox 1653 2375 1676 2398; x_wconf 83' lang='lat' dir='ltr'><em>A</em></span> <span class='ocrx_word' id='word_1_529' title='bbox 1692 2389 1724 2392; x_wconf 97' lang='lat'><strong>—</strong></span> <span class='ocrx_word' id='word_1_530' title='bbox 1739 2382 1781 2407; x_wconf 84' lang='lat'>33.</span> <span class='ocrx_word' id='word_1_531' title='bbox 1801 2375 1945 2407; x_wconf 87' lang='lat' dir='ltr'>quemdam</span> 
     </span>
     <span class='ocr_line' id='line_1_47' title="bbox 99 2415 428 2447; baseline 0.006 -9"><span class='ocrx_word' id='word_1_532' title='bbox 99 2415 176 2439; x_wconf 71' lang='lat' dir='ltr'>Mun.</span> <span class='ocrx_word' id='word_1_533' title='bbox 198 2428 230 2432; x_wconf 93' lang='lat'>—-</span> <span class='ocrx_word' id='word_1_534' title='bbox 250 2423 293 2447; x_wconf 81' lang='lat'>34.</span> <span class='ocrx_word' id='word_1_535' title='bbox 311 2415 385 2440; x_wconf 76' lang='lat' dir='ltr'>filios</span> <span class='ocrx_word' id='word_1_536' title='bbox 405 2416 428 2439; x_wconf 85' lang='grc' dir='ltr'><em>Α</em></span> 
     </span>
    </p>
   </div>
   <div class='ocr_carea' id='block_1_10' title="bbox 96 2500 1942 2994">
    <p class='ocr_par' dir='ltr' id='par_1_13' title="bbox 96 2500 1942 2994">
     <span class='ocr_line' id='line_1_48' title="bbox 183 2500 1941 2536; baseline 0.002 -10"><span class='ocrx_word' id='word_1_537' title='bbox 183 2500 191 2518; x_wconf 87' lang='lat'>¹</span> <span class='ocrx_word' id='word_1_538' title='bbox 211 2503 372 2527; x_wconf 82' lang='lat' dir='ltr'>Roncarolo</span> <span class='ocrx_word' id='word_1_539' title='bbox 390 2502 516 2527; x_wconf 78' lang='lat' dir='ltr'>frazione</span> <span class='ocrx_word' id='word_1_540' title='bbox 535 2503 576 2526; x_wconf 70' lang='lat' dir='ltr'>dcl</span> <span class='ocrx_word' id='word_1_541' title='bbox 596 2510 713 2527; x_wconf 76' lang='lat' dir='ltr'>comune</span> <span class='ocrx_word' id='word_1_542' title='bbox 733 2504 759 2527; x_wconf 85' lang='lat' dir='ltr'>di</span> <span class='ocrx_word' id='word_1_543' title='bbox 780 2502 896 2532; x_wconf 79' lang='lat' dir='ltr'>Caorso,</span> <span class='ocrx_word' id='word_1_544' title='bbox 921 2511 986 2534; x_wconf 90' lang='lat' dir='ltr'>pro·</span> <span class='ocrx_word' id='word_1_545' title='bbox 1047 2504 1143 2526; x_wconf 71' lang='lat' dir='ltr'>monesi</span> <span class='ocrx_word' id='word_1_546' title='bbox 1161 2503 1204 2526; x_wconf 75' lang='lat' dir='ltr'>che</span> <span class='ocrx_word' id='word_1_547' title='bbox 1223 2504 1310 2526; x_wconf 81' lang='lat' dir='ltr'>ebbero</span> <span class='ocrx_word' id='word_1_548' title='bbox 1329 2503 1414 2533; x_wconf 67' lang='lat' dir='ltr'>‘afficio</span> <span class='ocrx_word' id='word_1_549' title='bbox 1434 2504 1463 2526; x_wconf 75' lang='lat' dir='ltr'>in</span> <span class='ocrx_word' id='word_1_550' title='bbox 1482 2503 1548 2526; x_wconf 82' lang='lat' dir='ltr'>altri</span> <span class='ocrx_word' id='word_1_551' title='bbox 1565 2505 1670 2526; x_wconf 77' lang='lat' dir='ltr'>comuni</span> <span class='ocrx_word' id='word_1_552' title='bbox 1690 2505 1717 2528; x_wconf 86' lang='lat' dir='ltr'>in</span> <span class='ocrx_word' id='word_1_553' title='bbox 1740 2503 1825 2527; x_wconf 73' lang='lat' dir='ltr'>Codex</span> <span class='ocrx_word' id='word_1_554' title='bbox 1847 2505 1941 2536; x_wconf 78' lang='lat' dir='ltr'>Diplo-</span> 
     </span>
     <span class='ocr_line' id='line_1_49' title="bbox 96 2544 1845 2577; baseline 0.001 -10"><span class='ocrx_word' id='word_1_555' title='bbox 96 2544 190 2568; x_wconf 78' lang='lat' dir='ltr'>vincia</span> <span class='ocrx_word' id='word_1_556' title='bbox 209 2544 236 2567; x_wconf 84' lang='lat' dir='ltr'>di</span> <span class='ocrx_word' id='word_1_557' title='bbox 254 2545 399 2568; x_wconf 82' lang='lat' dir='ltr'>Piacenza.</span> <span class='ocrx_word' id='word_1_558' title='bbox 1047 2545 1157 2567; x_wconf 59' lang='lat' dir='ltr'>matie-ns</span> <span class='ocrx_word' id='word_1_559' title='bbox 1180 2544 1331 2572; x_wconf 77' lang='lat' dir='ltr'>Cremonae,</span> <span class='ocrx_word' id='word_1_560' title='bbox 1351 2546 1428 2569; x_wconf 81' lang='lat' dir='ltr'>tomo</span> <span class='ocrx_word' id='word_1_561' title='bbox 1448 2545 1481 2573; x_wconf 71' lang='grc' dir='ltr'>Π,</span> <span class='ocrx_word' id='word_1_562' title='bbox 1502 2553 1528 2577; x_wconf 85' lang='lat' dir='ltr'>p.</span> <span class='ocrx_word' id='word_1_563' title='bbox 1548 2551 1609 2575; x_wconf 78' lang='lat'>222,</span> <span class='ocrx_word' id='word_1_564' title='bbox 1630 2546 1746 2575; x_wconf 86' lang='lat' dir='ltr'>Torino,</span> <span class='ocrx_word' id='word_1_565' title='bbox 1771 2546 1845 2577; x_wconf 79' lang='lat'>1899.</span> 
     </span>
     <span class='ocr_line' id='line_1_50' title="bbox 183 2584 1571 2611; baseline 0.001 -2"><span class='ocrx_word' id='word_1_566' title='bbox 183 2584 194 2600; x_wconf 69' lang='lat'><strong><em>2</em></strong></span> <span class='ocrx_word' id='word_1_567' title='bbox 214 2585 306 2610; x_wconf 87' lang='lat' dir='ltr'>Castel</span> <span class='ocrx_word' id='word_1_568' title='bbox 325 2585 430 2610; x_wconf 76' lang='lat' dir='ltr'>d’Arda</span> <span class='ocrx_word' id='word_1_569' title='bbox 449 2585 573 2611; x_wconf 79' lang='lat' dir='ltr'>frazione</span> <span class='ocrx_word' id='word_1_570' title='bbox 588 2586 629 2610; x_wconf 82' lang='lat' dir='ltr'>del</span> <span class='ocrx_word' id='word_1_571' title='bbox 644 2593 763 2610; x_wconf 85' lang='lat' dir='ltr'>comune</span> <span class='ocrx_word' id='word_1_572' title='bbox 783 2586 812 2609; x_wconf 84' lang='lat' dir='ltr'>di</span> <span class='ocrx_word' id='word_1_573' title='bbox 832 2587 988 2610; x_wconf 63' lang='lat' dir='ltr'>Beaenzone</span> <span class='ocrx_word' id='word_1_574' title='bbox 1136 2584 1147 2600; x_wconf 77' lang='lat'><strong>9</strong></span> <span class='ocrx_word' id='word_1_575' title='bbox 1167 2586 1348 2610; x_wconf 77' lang='lat' dir='ltr'>Malatestino</span> <span class='ocrx_word' id='word_1_576' title='bbox 1367 2587 1400 2610; x_wconf 88' lang='lat' dir='ltr'>de</span> <span class='ocrx_word' id='word_1_577' title='bbox 1420 2587 1571 2611; x_wconf 78' lang='lat' dir='ltr'>Malatesti.</span> 
     </span>
     <span class='ocr_line' id='line_1_51' title="bbox 96 2626 1710 2659; baseline 0.001 -8"><span class='ocrx_word' id='word_1_578' title='bbox 96 2628 141 2651; x_wconf 87' lang='lat' dir='ltr'>nel</span> <span class='ocrx_word' id='word_1_579' title='bbox 159 2627 335 2652; x_wconf 76' lang='lat' dir='ltr'>ci1-condar30</span> <span class='ocrx_word' id='word_1_580' title='bbox 355 2628 384 2651; x_wconf 86' lang='lat' dir='ltr'>di</span> <span class='ocrx_word' id='word_1_581' title='bbox 404 2628 598 2652; x_wconf 81' lang='lat' dir='ltr'>Fiorenzuola.</span> <span class='ocrx_word' id='word_1_582' title='bbox 1126 2626 1145 2642; x_wconf 83' lang='lat'>¹⁰</span> <span class='ocrx_word' id='word_1_583' title='bbox 1165 2628 1314 2652; x_wconf 72' lang='lat' dir='ltr'>Bertinoro</span> <span class='ocrx_word' id='word_1_584' title='bbox 1334 2635 1349 2652; x_wconf 86' lang='lat' dir='ltr'>a</span> <span class='ocrx_word' id='word_1_585' title='bbox 1372 2635 1402 2659; x_wconf 86' lang='lat'>13</span> <span class='ocrx_word' id='word_1_586' title='bbox 1422 2628 1470 2652; x_wconf 89' lang='lat' dir='ltr'>kil.</span> <span class='ocrx_word' id='word_1_587' title='bbox 1489 2629 1551 2653; x_wconf 81' lang='lat' dir='ltr'>s-E.</span> <span class='ocrx_word' id='word_1_588' title='bbox 1572 2629 1607 2653; x_wconf 80' lang='lat' dir='ltr'>da</span> <span class='ocrx_word' id='word_1_589' title='bbox 1626 2627 1710 2653; x_wconf 73' lang='lat' dir='ltr'>Foru.</span> 
     </span>
     <span class='ocr_line' id='line_1_52' title="bbox 185 2667 1854 2698; baseline 0.002 -5"><span class='ocrx_word' id='word_1_590' title='bbox 185 2667 196 2683; x_wconf 82' lang='lat'>3</span> <span class='ocrx_word' id='word_1_591' title='bbox 216 2670 399 2694; x_wconf 82' lang='lat' dir='ltr'>Fiorenzuola</span> <span class='ocrx_word' id='word_1_592' title='bbox 418 2670 525 2694; x_wconf 81' lang='lat' dir='ltr'>d&#39;Arda</span> <span class='ocrx_word' id='word_1_593' title='bbox 546 2677 562 2694; x_wconf 89' lang='lat' dir='ltr'>a</span> <span class='ocrx_word' id='word_1_594' title='bbox 583 2669 615 2693; x_wconf 83' lang='lat'>26</span> <span class='ocrx_word' id='word_1_595' title='bbox 634 2670 681 2694; x_wconf 88' lang='lat' dir='ltr'>kil.</span> <span class='ocrx_word' id='word_1_596' title='bbox 709 2669 772 2694; x_wconf 68' lang='lat' dir='ltr'>s-E.</span> <span class='ocrx_word' id='word_1_597' title='bbox 791 2669 826 2693; x_wconf 83' lang='lat' dir='ltr'>da</span> <span class='ocrx_word' id='word_1_598' title='bbox 844 2669 989 2693; x_wconf 81' lang='lat' dir='ltr'>Piacenza.</span> <span class='ocrx_word' id='word_1_599' title='bbox 1124 2668 1143 2684; x_wconf 90' lang='lat'>¹¹</span> <span class='ocrx_word' id='word_1_600' title='bbox 1165 2670 1248 2694; x_wconf 86' lang='lat' dir='ltr'>Forse</span> <span class='ocrx_word' id='word_1_601' title='bbox 1268 2670 1350 2694; x_wconf 92' lang='lat' dir='ltr'>Godo</span> <span class='ocrx_word' id='word_1_602' title='bbox 1369 2669 1494 2694; x_wconf 77' lang='lat' dir='ltr'>frazione</span> <span class='ocrx_word' id='word_1_603' title='bbox 1514 2670 1556 2694; x_wconf 88' lang='lat' dir='ltr'>del</span> <span class='ocrx_word' id='word_1_604' title='bbox 1575 2678 1693 2695; x_wconf 82' lang='lat' dir='ltr'>comune</span> <span class='ocrx_word' id='word_1_605' title='bbox 1712 2671 1740 2696; x_wconf 88' lang='lat' dir='ltr'>di</span> <span class='ocrx_word' id='word_1_606' title='bbox 1760 2672 1854 2698; x_wconf 77' lang='lat' dir='ltr'>Russi.</span> 
     </span>
     <span class='ocr_line' id='line_1_53' title="bbox 185 2709 1942 2743; baseline 0.002 -8"><span class='ocrx_word' id='word_1_607' title='bbox 185 2710 196 2726; x_wconf 79' lang='lat'>4</span> <span class='ocrx_word' id='word_1_608' title='bbox 217 2711 467 2743; x_wconf 78' lang='lat' dir='ltr'>Castell’Arquato</span> <span class='ocrx_word' id='word_1_609' title='bbox 493 2712 581 2743; x_wconf 86' lang='lat' dir='ltr'>borgo</span> <span class='ocrx_word' id='word_1_610' title='bbox 607 2719 623 2735; x_wconf 80' lang='lat' dir='ltr'>a</span> <span class='ocrx_word' id='word_1_611' title='bbox 648 2719 664 2743; x_wconf 81' lang='lat'>9</span> <span class='ocrx_word' id='word_1_612' title='bbox 690 2712 737 2736; x_wconf 85' lang='lat' dir='ltr'>kil.</span> <span class='ocrx_word' id='word_1_613' title='bbox 765 2711 792 2736; x_wconf 90' lang='lat' dir='ltr'>S.</span> <span class='ocrx_word' id='word_1_614' title='bbox 815 2711 850 2735; x_wconf 84' lang='lat' dir='ltr'>da.</span> <span class='ocrx_word' id='word_1_615' title='bbox 876 2711 991 2735; x_wconf 86' lang='lat' dir='ltr'>Fioren·</span> <span class='ocrx_word' id='word_1_616' title='bbox 1124 2709 1146 2726; x_wconf 64' lang='lat'>¹2</span> <span class='ocrx_word' id='word_1_617' title='bbox 1165 2711 1267 2743; x_wconf 80' lang='lat' dir='ltr'>Seniga</span> <span class='ocrx_word' id='word_1_618' title='bbox 1285 2711 1439 2742; x_wconf 74' lang='lat' dir='ltr'>sull&#39;Oglio</span> <span class='ocrx_word' id='word_1_619' title='bbox 1460 2719 1475 2735; x_wconf 86' lang='lat' dir='ltr'>a</span> <span class='ocrx_word' id='word_1_620' title='bbox 1498 2718 1528 2742; x_wconf 87' lang='lat'>17</span> <span class='ocrx_word' id='word_1_621' title='bbox 1547 2712 1597 2736; x_wconf 83' lang='lat' dir='ltr'>kil.</span> <span class='ocrx_word' id='word_1_622' title='bbox 1615 2712 1678 2737; x_wconf 86' lang='lat' dir='ltr'>S-E.</span> <span class='ocrx_word' id='word_1_623' title='bbox 1698 2713 1733 2737; x_wconf 86' lang='lat' dir='ltr'>da</span> <span class='ocrx_word' id='word_1_624' title='bbox 1756 2714 1942 2739; x_wconf 77' lang='lat' dir='ltr'>Verolanova.</span> 
     </span>
     <span class='ocr_line' id='line_1_54' title="bbox 96 2749 1433 2785; baseline 0 -9"><span class='ocrx_word' id='word_1_625' title='bbox 96 2752 183 2777; x_wconf 82' lang='lat' dir='ltr'>zuola.</span> <span class='ocrx_word' id='word_1_626' title='bbox 250 2749 253 2750; x_wconf 41' lang='lat'><em>⁷</em></span> <span class='ocrx_word' id='word_1_627' title='bbox 1124 2752 1144 2768; x_wconf 77' lang='lat'>¹3</span> <span class='ocrx_word' id='word_1_628' title='bbox 1164 2753 1292 2777; x_wconf 88' lang='lat' dir='ltr'>Robecco</span> <span class='ocrx_word' id='word_1_629' title='bbox 1313 2752 1433 2785; x_wconf 82' lang='lat' dir='ltr'>d’Oglio.</span> 
     </span>
     <span class='ocr_line' id='line_1_55' title="bbox 185 2793 1941 2828; baseline 0 -8"><span class='ocrx_word' id='word_1_630' title='bbox 185 2795 196 2810; x_wconf 75' lang='lat'>⁵</span> <span class='ocrx_word' id='word_1_631' title='bbox 218 2802 248 2826; x_wconf 81' lang='lat'>25</span> <span class='ocrx_word' id='word_1_632' title='bbox 268 2796 362 2827; x_wconf 85' lang='lat' dir='ltr'>luglio.</span> <span class='ocrx_word' id='word_1_633' title='bbox 1124 2793 1147 2809; x_wconf 76' lang='lat'>¹4</span> <span class='ocrx_word' id='word_1_634' title='bbox 1165 2795 1319 2818; x_wconf 76' lang='lat' dir='ltr'>Pontevico</span> <span class='ocrx_word' id='word_1_635' title='bbox 1333 2795 1393 2819; x_wconf 87' lang='lat' dir='ltr'>sull’</span> <span class='ocrx_word' id='word_1_636' title='bbox 1403 2795 1487 2827; x_wconf 85' lang='lat' dir='ltr'>Oglio</span> <span class='ocrx_word' id='word_1_637' title='bbox 1500 2802 1598 2828; x_wconf 85' lang='lat' dir='ltr'>grosso</span> <span class='ocrx_word' id='word_1_638' title='bbox 1613 2795 1701 2827; x_wconf 85' lang='lat' dir='ltr'>borgo</span> <span class='ocrx_word' id='word_1_639' title='bbox 1715 2803 1732 2820; x_wconf 80' lang='lat' dir='ltr'>a</span> <span class='ocrx_word' id='word_1_640' title='bbox 1745 2795 1761 2820; x_wconf 91' lang='lat'><strong>6</strong></span> <span class='ocrx_word' id='word_1_641' title='bbox 1775 2796 1823 2820; x_wconf 88' lang='lat' dir='ltr'>kil.</span> <span class='ocrx_word' id='word_1_642' title='bbox 1839 2796 1873 2820; x_wconf 88' lang='lat' dir='ltr'>da</span> <span class='ocrx_word' id='word_1_643' title='bbox 1887 2797 1941 2821; x_wconf 81' lang='lat' dir='ltr'>Ve-</span> 
     </span>
     <span class='ocr_line' id='line_1_56' title="bbox 184 2836 1209 2870; baseline -0.001 -8"><span class='ocrx_word' id='word_1_644' title='bbox 184 2836 195 2852; x_wconf 76' lang='lat'><strong>⁶</strong></span> <span class='ocrx_word' id='word_1_645' title='bbox 215 2837 375 2870; x_wconf 76' lang='lat' dir='ltr'>Ruggerino</span> <span class='ocrx_word' id='word_1_646' title='bbox 394 2837 529 2862; x_wconf 71' lang='lat' dir='ltr'>Sem—idei.</span> <span class='ocrx_word' id='word_1_647' title='bbox 556 2837 600 2862; x_wconf 76' lang='lat' dir='ltr'>Cf.</span> <span class='ocrx_word' id='word_1_648' title='bbox 625 2839 777 2867; x_wconf 71' lang='lat' dir='ltr'>Poosmm,</span> <span class='ocrx_word' id='word_1_649' title='bbox 797 2837 921 2861; x_wconf 62' lang='lat' dir='ltr'>illcmorie</span> <span class='ocrx_word' id='word_1_650' title='bbox 942 2840 991 2860; x_wconf 76' lang='lat' dir='ltr'>sto·</span> <span class='ocrx_word' id='word_1_651' title='bbox 1046 2836 1209 2861; x_wconf 85' lang='lat' dir='ltr'>rolanuova.</span> 
     </span>
     <span class='ocr_line' id='line_1_57' title="bbox 96 2876 1942 2911; baseline 0 -8"><span class='ocrx_word' id='word_1_652' title='bbox 96 2880 167 2903; x_wconf 75' lang='lat' dir='ltr'>riche</span> <span class='ocrx_word' id='word_1_653' title='bbox 186 2881 216 2903; x_wconf 86' lang='lat' dir='ltr'>di</span> <span class='ocrx_word' id='word_1_654' title='bbox 234 2880 371 2906; x_wconf 71' lang='lat' dir='ltr'>Piaccnza,</span> <span class='ocrx_word' id='word_1_655' title='bbox 390 2879 535 2910; x_wconf 78' lang='lat' dir='ltr'>Piacenza,</span> <span class='ocrx_word' id='word_1_656' title='bbox 558 2886 634 2911; x_wconf 77' lang='lat'>1759,</span> <span class='ocrx_word' id='word_1_657' title='bbox 654 2881 730 2904; x_wconf 89' lang='lat' dir='ltr'>tomo</span> <span class='ocrx_word' id='word_1_658' title='bbox 750 2879 798 2909; x_wconf 83' lang='lat' dir='ltr'>VI,</span> <span class='ocrx_word' id='word_1_659' title='bbox 818 2887 844 2911; x_wconf 88' lang='lat' dir='ltr'>p.</span> <span class='ocrx_word' id='word_1_660' title='bbox 863 2879 907 2909; x_wconf 88' lang='lat'>67.</span> <span class='ocrx_word' id='word_1_661' title='bbox 1124 2876 1145 2892; x_wconf 69' lang='lat'>¹3</span> <span class='ocrx_word' id='word_1_662' title='bbox 1165 2877 1310 2902; x_wconf 81' lang='lat' dir='ltr'>Marchese</span> <span class='ocrx_word' id='word_1_663' title='bbox 1324 2877 1427 2909; x_wconf 83' lang='lat' dir='ltr'>Iacopo</span> <span class='ocrx_word' id='word_1_664' title='bbox 1453 2877 1611 2903; x_wconf 74' lang='lat' dir='ltr'>Cavalcabo</span> <span class='ocrx_word' id='word_1_665' title='bbox 1631 2879 1661 2903; x_wconf 85' lang='lat' dir='ltr'>di</span> <span class='ocrx_word' id='word_1_666' title='bbox 1681 2878 1827 2904; x_wconf 86' lang='lat' dir='ltr'>Cremona.</span> <span class='ocrx_word' id='word_1_667' title='bbox 1841 2880 1942 2905; x_wconf 73' lang='lat' dir='ltr'>Gxum-</span> 
     </span>
     <span class='ocr_line' id='line_1_58' title="bbox 183 2918 1942 2953; baseline 0.001 -9"><span class='ocrx_word' id='word_1_668' title='bbox 183 2919 193 2935; x_wconf 77' lang='lat'>&#39;7</span> <span class='ocrx_word' id='word_1_669' title='bbox 205 2921 357 2945; x_wconf 84' lang='lat' dir='ltr'>Benedetto</span> <span class='ocrx_word' id='word_1_670' title='bbox 371 2921 465 2945; x_wconf 85' lang='lat' dir='ltr'>Zabuli</span> <span class='ocrx_word' id='word_1_671' title='bbox 481 2921 516 2945; x_wconf 88' lang='lat' dir='ltr'>da</span> <span class='ocrx_word' id='word_1_672' title='bbox 531 2922 640 2946; x_wconf 84' lang='lat' dir='ltr'>Parma.</span> <span class='ocrx_word' id='word_1_673' title='bbox 655 2921 700 2946; x_wconf 79' lang='lat' dir='ltr'>Cf.</span> <span class='ocrx_word' id='word_1_674' title='bbox 716 2922 869 2950; x_wconf 61' lang='lat' dir='ltr'>Possum,</span> <span class='ocrx_word' id='word_1_675' title='bbox 881 2921 934 2944; x_wconf 83' lang='lat' dir='ltr'>loc.</span> <span class='ocrx_word' id='word_1_676' title='bbox 944 2922 990 2944; x_wconf 85' lang='lat' dir='ltr'>cit.</span> <span class='ocrx_word' id='word_1_677' title='bbox 1046 2926 1087 2949; x_wconf 67' lang='lat' dir='ltr'>NI,</span> <span class='ocrx_word' id='word_1_678' title='bbox 1102 2918 1225 2942; x_wconf 71' lang='lat' dir='ltr'>Memorie</span> <span class='ocrx_word' id='word_1_679' title='bbox 1243 2921 1369 2950; x_wconf 77' lang='lat' dir='ltr'>spettarzti</span> <span class='ocrx_word' id='word_1_680' title='bbox 1385 2919 1440 2943; x_wconf 82' lang='lat' dir='ltr'>alla</span> <span class='ocrx_word' id='word_1_681' title='bbox 1458 2921 1538 2943; x_wconf 80' lang='lat' dir='ltr'>storia</span> <span class='ocrx_word' id='word_1_682' title='bbox 1557 2921 1587 2942; x_wconf 78' lang='lat' dir='ltr'>di</span> <span class='ocrx_word' id='word_1_683' title='bbox 1605 2920 1719 2948; x_wconf 71' lang='lat' dir='ltr'>stlilano,</span> <span class='ocrx_word' id='word_1_684' title='bbox 1739 2921 1786 2951; x_wconf 74' lang='lat' dir='ltr'>IV,</span> <span class='ocrx_word' id='word_1_685' title='bbox 1808 2921 1868 2953; x_wconf 85' lang='lat'>832,</span> <span class='ocrx_word' id='word_1_686' title='bbox 1889 2921 1942 2946; x_wconf 74' lang='lat' dir='ltr'>Mi-</span> 
     </span>
     <span class='ocr_line' id='line_1_59' title="bbox 182 2960 1216 2994; baseline -0.003 -7"><span class='ocrx_word' id='word_1_687' title='bbox 182 2960 193 2977; x_wconf 64' lang='lat' dir='ltr'>s</span> <span class='ocrx_word' id='word_1_688' title='bbox 212 2964 346 2994; x_wconf 76' lang='lat' dir='ltr'>Iacopino</span> <span class='ocrx_word' id='word_1_689' title='bbox 366 2961 408 2986; x_wconf 83' lang='lat' dir='ltr'>de’</span> <span class='ocrx_word' id='word_1_690' title='bbox 427 2963 549 2987; x_wconf 87' lang='lat' dir='ltr'>Persico.</span> <span class='ocrx_word' id='word_1_691' title='bbox 570 2964 752 2993; x_wconf 53' lang='lat' dir='ltr'>Anser-rso,</span> <span class='ocrx_word' id='word_1_692' title='bbox 772 2962 846 2986; x_wconf 66' lang='lat' dir='ltr'>Serie</span> <span class='ocrx_word' id='word_1_693' title='bbox 865 2963 909 2985; x_wconf 82' lang='lat' dir='ltr'>dei</span> <span class='ocrx_word' id='word_1_694' title='bbox 931 2962 991 2985; x_wconf 78' lang='lat' dir='ltr'>Cre·</span> <span class='ocrx_word' id='word_1_695' title='bbox 1046 2961 1119 2991; x_wconf 87' lang='lat' dir='ltr'>lano,</span> <span class='ocrx_word' id='word_1_696' title='bbox 1143 2960 1216 2991; x_wconf 75' lang='lat'>1855.</span> 
     </span>
    </p>
   </div>
   <div class='ocr_carea' id='block_1_11' title="bbox 257 3078 569 3110">
    <p class='ocr_par' dir='ltr' id='par_1_14' title="bbox 257 3078 569 3110">
     <span class='ocr_line' id='line_1_60' title="bbox 257 3078 569 3110; baseline 0.003 -7"><span class='ocrx_word' id='word_1_697' title='bbox 257 3079 290 3104; x_wconf 89' lang='lat' dir='ltr'>T.</span> <span class='ocrx_word' id='word_1_698' title='bbox 309 3078 371 3109; x_wconf 89' lang='lat' dir='ltr'>XV,</span> <span class='ocrx_word' id='word_1_699' title='bbox 390 3086 416 3110; x_wconf 90' lang='lat' dir='ltr'>p.</span> <span class='ocrx_word' id='word_1_700' title='bbox 435 3085 472 3103; x_wconf 90' lang='lat'>111</span> <span class='ocrx_word' id='word_1_701' title='bbox 492 3091 525 3096; x_wconf 90' lang='lat'>——</span> <span class='ocrx_word' id='word_1_702' title='bbox 545 3085 569 3110; x_wconf 81' lang='lat'>5.</span> 
     </span>
    </p>
   </div>
   <div class='ocr_carea' id='block_1_12' title="bbox 1971 2635 2004 2652">
    <p class='ocr_par' dir='ltr' id='par_1_15' title="bbox 1971 2635 2004 2652">
     <span class='ocr_line' id='line_1_61' title="bbox 1971 2635 2004 2652; baseline 0 0"><span class='ocrx_word' id='word_1_703' title='bbox 1971 2635 2004 2652; x_wconf 84' lang='lat'>20</span> 
     </span>
    </p>
   </div>
   <div class='ocr_carea' id='block_1_13' title="bbox 1970 2844 2000 2870">
    <p class='ocr_par' dir='ltr' id='par_1_16' title="bbox 1970 2844 2000 2870">
     <span class='ocr_line' id='line_1_62' title="bbox 1970 2844 2000 2870; baseline 0 0"><span class='ocrx_word' id='word_1_704' title='bbox 1970 2844 2000 2870; x_wconf 81' lang='lat'>²5</span> 
     </span>
    </p>
   </div>
   <div class='ocr_carea' id='block_1_14' title="bbox 2022 940 2153 963">
    <p class='ocr_par' dir='ltr' id='par_1_17' title="bbox 2022 940 2153 963">
     <span class='ocr_line' id='line_1_63' title="bbox 2022 940 2153 963; baseline 0.008 -4"><span class='ocrx_word' id='word_1_705' title='bbox 2022 940 2098 963; x_wconf 74' lang='lat' dir='ltr'>Mun..</span> <span class='ocrx_word' id='word_1_706' title='bbox 2114 941 2153 960; x_wconf 58' lang='lat'>3³7</span> 
     </span>
    </p>
   </div>
   <div class='ocr_carea' id='block_1_15' title="bbox 2021 1740 2110 1755">
    <p class='ocr_par' dir='ltr' id='par_1_18' title="bbox 2021 1740 2110 1755">
     <span class='ocr_line' id='line_1_64' title="bbox 2021 1740 2110 1755; baseline -0.011 -1"><span class='ocrx_word' id='word_1_707' title='bbox 2021 1741 2040 1755; x_wconf 76' lang='lat' dir='ltr'>C.</span> <span class='ocrx_word' id='word_1_708' title='bbox 2057 1740 2110 1754; x_wconf 68' lang='lat'>037</span> 
     </span>
    </p>
   </div>
  </div>
 </body>
</html>
