<?xml version="1.0" encoding="UTF-8"?>
<!DOCTYPE html PUBLIC "-//W3C//DTD XHTML 1.0 Transitional//EN"
    "http://www.w3.org/TR/xhtml1/DTD/xhtml1-transitional.dtd">
<html xmlns="http://www.w3.org/1999/xhtml" xml:lang="en" lang="en">
 <head>
  <title>
</title>
<meta http-equiv="Content-Type" content="text/html;charset=utf-8" />
  <meta name='ocr-system' content='tesseract 3.04.00' />
  <meta name='ocr-capabilities' content='ocr_page ocr_carea ocr_par ocr_line ocrx_word'/>
</head>
<body>
  <div class='ocr_page' id='page_1' title='image "./p3f1rerumitalica15murauoft_0117.png"; bbox 0 0 2307 3592; ppageno 0'>
   <div class='ocr_carea' id='block_1_1' title="bbox 119 203 1953 253">
    <p class='ocr_par' dir='ltr' id='par_1_1' title="bbox 119 203 1953 253">
     <span class='ocr_line' id='line_1_1' title="bbox 119 203 1953 253; baseline -0.008 0"><span class='ocrx_word' id='word_1_1' title='bbox 119 218 200 253; x_wconf 86' lang='lat' dir='ltr'><em>[AA.</em></span> <span class='ocrx_word' id='word_1_2' title='bbox 222 221 236 246; x_wconf 88' lang='lat'><strong>1</strong></span> <span class='ocrx_word' id='word_1_3' title='bbox 243 220 408 252; x_wconf 78' lang='lat'>325-1325]</span> <span class='ocrx_word' id='word_1_4' title='bbox 750 211 1061 247; x_wconf 85' lang='lat' dir='ltr'>CHRONICON</span> <span class='ocrx_word' id='word_1_5' title='bbox 1095 209 1261 246; x_wconf 89' lang='lat' dir='ltr'>ESTEN</span> <span class='ocrx_word' id='word_1_6' title='bbox 1266 209 1325 244; x_wconf 87' lang='lat' dir='ltr'><em>SE</em></span> <span class='ocrx_word' id='word_1_7' title='bbox 1906 205 1926 239; x_wconf 82' lang='lat'>9</span> <span class='ocrx_word' id='word_1_8' title='bbox 1933 203 1953 238; x_wconf 84' lang='lat'>5</span> 
     </span>
    </p>
   </div>
   <div class='ocr_carea' id='block_1_2' title="bbox 119 335 1967 543">
    <p class='ocr_par' dir='ltr' id='par_1_2' title="bbox 119 335 1967 543">
     <span class='ocr_line' id='line_1_2' title="bbox 119 335 1956 383; baseline -0.005 -9"><span class='ocrx_word' id='word_1_9' title='bbox 119 347 267 383; x_wconf 80' lang='lat' dir='ltr'><em>mortem,</em></span> <span class='ocrx_word' id='word_1_10' title='bbox 293 343 339 373; x_wconf 83' lang='lat' dir='ltr'><em>ad</em></span> <span class='ocrx_word' id='word_1_11' title='bbox 359 346 498 373; x_wconf 74' lang='lat' dir='ltr'><em>mortem</em></span> <span class='ocrx_word' id='word_1_12' title='bbox 504 354 514 382; x_wconf 88' lang='lat'><em>;</em></span> <span class='ocrx_word' id='word_1_13' title='bbox 531 342 721 372; x_wconf 80' lang='lat' dir='ltr'><em>moriautur</em></span> <span class='ocrx_word' id='word_1_14' title='bbox 737 341 926 372; x_wconf 72' lang='lat' dir='ltr'><em>traditores.</em></span> <span class='ocrx_word' id='word_1_15' title='bbox 974 340 1138 372; x_wconf 86' lang='lat' dir='ltr'>Dominus</span> <span class='ocrx_word' id='word_1_16' title='bbox 1154 338 1311 370; x_wconf 89' lang='lat' dir='ltr'><em>Marchio</em></span> <span class='ocrx_word' id='word_1_17' title='bbox 1329 344 1498 379; x_wconf 80' lang='lat' dir='ltr'>tamquam</span> <span class='ocrx_word' id='word_1_18' title='bbox 1515 336 1725 378; x_wconf 78' lang='lat' dir='ltr'>capitaneus,</span> <span class='ocrx_word' id='word_1_19' title='bbox 1743 341 1776 367; x_wconf 86' lang='lat' dir='ltr'><em>et</em></span> <span class='ocrx_word' id='word_1_20' title='bbox 1799 335 1956 366; x_wconf 87' lang='lat' dir='ltr'><em>dominus</em></span> 
     </span>
     <span class='ocr_line' id='line_1_3' title="bbox 119 387 1967 435; baseline -0.004 -8"><span class='ocrx_word' id='word_1_21' title='bbox 119 395 220 428; x_wconf 85' lang='lat' dir='ltr'><em>totius</em></span> <span class='ocrx_word' id='word_1_22' title='bbox 244 395 428 433; x_wconf 80' lang='lat' dir='ltr'><em>exercitus,</em></span> <span class='ocrx_word' id='word_1_23' title='bbox 453 395 551 426; x_wconf 82' lang='lat' dir='ltr'><strong>dixit:</strong></span> <span class='ocrx_word' id='word_1_24' title='bbox 577 394 701 426; x_wconf 66' lang='lat' dir='ltr'><em>Audite</em></span> <span class='ocrx_word' id='word_1_25' title='bbox 723 405 851 435; x_wconf 84' lang='lat' dir='ltr'><em>omnes;</em></span> <span class='ocrx_word' id='word_1_26' title='bbox 875 399 909 425; x_wconf 90' lang='lat' dir='ltr'><em>et</em></span> <span class='ocrx_word' id='word_1_27' title='bbox 932 394 1026 425; x_wconf 76' lang='lat' dir='ltr'><em>facto</em></span> <span class='ocrx_word' id='word_1_28' title='bbox 1051 392 1219 430; x_wconf 68' lang='lat' dir='ltr'><em>senentio,</em></span> <span class='ocrx_word' id='word_1_29' title='bbox 1243 390 1451 423; x_wconf 88' lang='lat' dir='ltr'><em>Theotonici</em></span> <span class='ocrx_word' id='word_1_30' title='bbox 1477 389 1685 426; x_wconf 80' lang='lat' dir='ltr'><em>clamabant3</em></span> <span class='ocrx_word' id='word_1_31' title='bbox 1716 389 1794 420; x_wconf 81' lang='lat' dir='ltr'><em>Her</em></span> <span class='ocrx_word' id='word_1_32' title='bbox 1816 387 1967 431; x_wconf 57' lang='lat' dir='ltr'><em>r&#39;llarcos</em></span> 
     </span>
     <span class='ocr_line' id='line_1_4' title="bbox 119 439 1959 490; baseline -0.004 -11"><span class='ocrx_word' id='word_1_33' title='bbox 119 449 175 479; x_wconf 84' lang='lat' dir='ltr'><em>dir</em></span> <span class='ocrx_word' id='word_1_34' title='bbox 198 449 340 490; x_wconf 81' lang='lat' dir='ltr'><em>gajard,</em></span> <span class='ocrx_word' id='word_1_35' title='bbox 366 448 455 490; x_wconf 81' lang='lat' dir='ltr'><em>quod</em></span> <span class='ocrx_word' id='word_1_36' title='bbox 476 448 553 478; x_wconf 77' lang='lat' dir='ltr'><em>bene</em></span> <span class='ocrx_word' id='word_1_37' title='bbox 577 448 701 478; x_wconf 86' lang='lat' dir='ltr'><em>crimus</em></span> <span class='ocrx_word' id='word_1_38' title='bbox 724 447 910 478; x_wconf 77' lang='lat' dir='ltr'><em>obedientes</em></span> <span class='ocrx_word' id='word_1_39' title='bbox 931 447 1052 477; x_wconf 81' lang='lat' dir='ltr'><em>vestris</em></span> <span class='ocrx_word' id='word_1_40' title='bbox 1073 444 1259 488; x_wconf 66' lang='lat' dir='ltr'><em>preceptis.</em></span> <span class='ocrx_word' id='word_1_41' title='bbox 1305 443 1516 484; x_wconf 85' lang='lat' dir='ltr'>Respondit:</span> <span class='ocrx_word' id='word_1_42' title='bbox 1541 443 1627 484; x_wconf 79' lang='lat' dir='ltr'><em>Ego</em></span> <span class='ocrx_word' id='word_1_43' title='bbox 1655 442 1736 482; x_wconf 82' lang='lat' dir='ltr'><em>volo,</em></span> <span class='ocrx_word' id='word_1_44' title='bbox 1762 442 1852 483; x_wconf 81' lang='lat' dir='ltr'><em>quod</em></span> <span class='ocrx_word' id='word_1_45' title='bbox 1872 439 1959 486; x_wconf 56' lang='lat' dir='ltr'><em>Acco</em></span> 
     </span>
     <span class='ocr_line' id='line_1_5' title="bbox 126 493 1957 543; baseline -0.004 -11"><span class='ocrx_word' id='word_1_46' title='bbox 126 502 315 542; x_wconf 72' lang='lat' dir='ltr'><em>chcomes,</em></span> <span class='ocrx_word' id='word_1_47' title='bbox 340 505 372 531; x_wconf 77' lang='lat' dir='ltr'><em>et</em></span> <span class='ocrx_word' id='word_1_48' title='bbox 394 501 591 543; x_wconf 73' lang='lat' dir='ltr'><em>capitaneus</em></span> <span class='ocrx_word' id='word_1_49' title='bbox 615 500 749 531; x_wconf 70' lang='lat' dir='ltr'><em>stsutine</em></span> <span class='ocrx_word' id='word_1_50' title='bbox 771 510 844 531; x_wconf 87' lang='lat' dir='ltr'><em>cum</em></span> <span class='ocrx_word' id='word_1_51' title='bbox 867 500 934 530; x_wconf 86' lang='lat' dir='ltr'><em>suis</em></span> <span class='ocrx_word' id='word_1_52' title='bbox 957 499 1115 530; x_wconf 70' lang='lat' dir='ltr'><em>militibus</em></span> <span class='ocrx_word' id='word_1_53' title='bbox 1131 502 1164 528; x_wconf 86' lang='lat' dir='ltr'><em>et</em></span> <span class='ocrx_word' id='word_1_54' title='bbox 1177 497 1347 540; x_wconf 75' lang='lat' dir='ltr'><em>peditibus</em></span> <span class='ocrx_word' id='word_1_55' title='bbox 1362 497 1488 527; x_wconf 83' lang='lat' dir='ltr'><em>vadant</em></span> <span class='ocrx_word' id='word_1_56' title='bbox 1505 507 1544 526; x_wconf 81' lang='lat' dir='ltr'><em>ex</em></span> <span class='ocrx_word' id='word_1_57' title='bbox 1559 499 1661 537; x_wconf 82' lang='lat' dir='ltr'><em>parte</em></span> <span class='ocrx_word' id='word_1_58' title='bbox 1677 495 1764 526; x_wconf 86' lang='lat' dir='ltr'><em>aciei</em></span> <span class='ocrx_word' id='word_1_59' title='bbox 1767 493 1957 536; x_wconf 79' lang='lat' dir='ltr'><em>feritorum</em></span> 
     </span>
    </p>
   </div>
   <div class='ocr_carea' id='block_1_3' title="bbox 80 547 1958 595">
    <p class='ocr_par' dir='ltr' id='par_1_3' title="bbox 80 547 1958 595">
     <span class='ocr_line' id='line_1_6' title="bbox 80 547 1958 595; baseline -0.005 -10"><span class='ocrx_word' id='word_1_60' title='bbox 80 553 98 584; x_wconf 87' lang='grc'>5</span> <span class='ocrx_word' id='word_1_61' title='bbox 122 564 274 594; x_wconf 83' lang='lat' dir='ltr'><em>suorum;</em></span> <span class='ocrx_word' id='word_1_62' title='bbox 300 553 548 595; x_wconf 78' lang='lat' dir='ltr'><em>Gangalaadus</em></span> <span class='ocrx_word' id='word_1_63' title='bbox 571 564 643 584; x_wconf 84' lang='lat' dir='ltr'><em>cum</em></span> <span class='ocrx_word' id='word_1_64' title='bbox 668 563 709 584; x_wconf 82' lang='lat' dir='ltr'><em>cc</em></span> <span class='ocrx_word' id='word_1_65' title='bbox 734 552 893 583; x_wconf 77' lang='lat' dir='ltr'><em>militibus</em></span> <span class='ocrx_word' id='word_1_66' title='bbox 916 552 1020 582; x_wconf 83' lang='lat' dir='ltr'><em>vadat</em></span> <span class='ocrx_word' id='word_1_67' title='bbox 1042 562 1062 581; x_wconf 87' lang='lat' dir='ltr'><em>a</em></span> <span class='ocrx_word' id='word_1_68' title='bbox 1086 551 1190 582; x_wconf 81' lang='lat' dir='ltr'><em>latere</em></span> <span class='ocrx_word' id='word_1_69' title='bbox 1212 549 1342 580; x_wconf 74' lang='lat' dir='ltr'><em>oliveti:</em></span> <span class='ocrx_word' id='word_1_70' title='bbox 1367 559 1435 590; x_wconf 84' lang='lat' dir='ltr'><em>ego</em></span> <span class='ocrx_word' id='word_1_71' title='bbox 1458 548 1654 590; x_wconf 80' lang='lat' dir='ltr'><em>Raynala&#39;us</em></span> <span class='ocrx_word' id='word_1_72' title='bbox 1677 547 1728 578; x_wconf 86' lang='lat' dir='ltr'><em>ibo</em></span> <span class='ocrx_word' id='word_1_73' title='bbox 1753 547 1799 578; x_wconf 86' lang='lat' dir='ltr'><em>ad</em></span> <span class='ocrx_word' id='word_1_74' title='bbox 1821 550 1958 589; x_wconf 81' lang='lat' dir='ltr'><em>partem</em></span> 
     </span>
    </p>
   </div>
   <div class='ocr_carea' id='block_1_4' title="bbox 57 817 93 847">
    <p class='ocr_par' dir='ltr' id='par_1_4' title="bbox 57 817 93 847">
     <span class='ocr_line' id='line_1_7' title="bbox 57 817 93 847; baseline 0 0"><span class='ocrx_word' id='word_1_75' title='bbox 57 817 93 847; x_wconf 93' lang='lat' dir='ltr'><em>lO</em></span> 
     </span>
    </p>
   </div>
   <div class='ocr_carea' id='block_1_5' title="bbox 57 1079 93 1109">
    <p class='ocr_par' dir='ltr' id='par_1_5' title="bbox 57 1079 93 1109">
     <span class='ocr_line' id='line_1_8' title="bbox 57 1079 93 1109; baseline 0 0"><span class='ocrx_word' id='word_1_76' title='bbox 57 1079 93 1109; x_wconf 83' lang='lat'><em>15</em></span> 
     </span>
    </p>
   </div>
   <div class='ocr_carea' id='block_1_6' title="bbox 50 1344 91 1374">
    <p class='ocr_par' dir='ltr' id='par_1_6' title="bbox 50 1344 91 1374">
     <span class='ocr_line' id='line_1_9' title="bbox 50 1344 91 1374; baseline -0.024 0"><span class='ocrx_word' id='word_1_77' title='bbox 50 1344 91 1374; x_wconf 84' lang='lat'><em>20</em></span> 
     </span>
    </p>
   </div>
   <div class='ocr_carea' id='block_1_7' title="bbox 52 1719 91 1750">
    <p class='ocr_par' dir='ltr' id='par_1_7' title="bbox 52 1719 91 1750">
     <span class='ocr_line' id='line_1_10' title="bbox 52 1719 91 1750; baseline 0 0"><span class='ocrx_word' id='word_1_78' title='bbox 52 1719 91 1750; x_wconf 84' lang='lat'><em>25</em></span> 
     </span>
    </p>
   </div>
   <div class='ocr_carea' id='block_1_8' title="bbox 53 1986 94 2017">
    <p class='ocr_par' dir='ltr' id='par_1_8' title="bbox 53 1986 94 2017">
     <span class='ocr_line' id='line_1_11' title="bbox 53 1986 94 2017; baseline -0.024 0"><span class='ocrx_word' id='word_1_79' title='bbox 53 1986 94 2017; x_wconf 80' lang='lat'><em>30</em></span> 
     </span>
    </p>
   </div>
   <div class='ocr_carea' id='block_1_9' title="bbox 53 2512 94 2543">
    <p class='ocr_par' dir='ltr' id='par_1_9' title="bbox 53 2512 94 2543">
     <span class='ocr_line' id='line_1_12' title="bbox 53 2512 94 2543; baseline 0 0"><span class='ocrx_word' id='word_1_80' title='bbox 53 2512 94 2543; x_wconf 82' lang='lat'><em>40</em></span> 
     </span>
    </p>
   </div>
   <div class='ocr_carea' id='block_1_10' title="bbox 115 600 1962 1544">
    <p class='ocr_par' dir='ltr' id='par_1_10' title="bbox 115 600 1962 1428">
     <span class='ocr_line' id='line_1_13' title="bbox 118 600 1960 648; baseline -0.004 -11"><span class='ocrx_word' id='word_1_81' title='bbox 118 617 276 648; x_wconf 80' lang='lat' dir='ltr'><em>grossam</em></span> <span class='ocrx_word' id='word_1_82' title='bbox 300 607 393 638; x_wconf 81' lang='lat' dir='ltr'><em>aciei.</em></span> <span class='ocrx_word' id='word_1_83' title='bbox 440 605 586 646; x_wconf 57' lang='lat' dir='ltr'><em>Quando</em></span> <span class='ocrx_word' id='word_1_84' title='bbox 611 610 646 636; x_wconf 85' lang='lat' dir='ltr'><em>tu</em></span> <span class='ocrx_word' id='word_1_85' title='bbox 671 606 918 648; x_wconf 80' lang='lat' dir='ltr'><em>Gangalandus</em></span> <span class='ocrx_word' id='word_1_86' title='bbox 941 604 1069 635; x_wconf 84' lang='lat' dir='ltr'><em>videbis</em></span> <span class='ocrx_word' id='word_1_87' title='bbox 1092 614 1142 634; x_wconf 83' lang='lat' dir='ltr'><em>me</em></span> <span class='ocrx_word' id='word_1_88' title='bbox 1165 604 1212 634; x_wconf 81' lang='lat' dir='ltr'><em>ad</em></span> <span class='ocrx_word' id='word_1_89' title='bbox 1225 602 1371 645; x_wconf 82' lang='lat' dir='ltr'><em>prelium</em></span> <span class='ocrx_word' id='word_1_90' title='bbox 1388 612 1460 632; x_wconf 85' lang='lat' dir='ltr'><em>cum</em></span> <span class='ocrx_word' id='word_1_91' title='bbox 1477 602 1532 641; x_wconf 71' lang='lat' dir='ltr'><em>cis,</em></span> <span class='ocrx_word' id='word_1_92' title='bbox 1550 604 1688 643; x_wconf 82' lang='lat' dir='ltr'><em>percute</em></span> <span class='ocrx_word' id='word_1_93' title='bbox 1712 604 1788 631; x_wconf 80' lang='lat' dir='ltr'><em>tunc</em></span> <span class='ocrx_word' id='word_1_94' title='bbox 1803 610 1876 630; x_wconf 85' lang='lat' dir='ltr'><em>cum</em></span> <span class='ocrx_word' id='word_1_95' title='bbox 1894 600 1960 630; x_wconf 85' lang='lat' dir='ltr'><em>tuis</em></span> 
     </span>
     <span class='ocr_line' id='line_1_14' title="bbox 119 652 1960 700; baseline -0.003 -10"><span class='ocrx_word' id='word_1_96' title='bbox 119 669 171 689; x_wconf 77' lang='lat' dir='ltr'><em>cos</em></span> <span class='ocrx_word' id='word_1_97' title='bbox 196 669 217 689; x_wconf 86' lang='lat' dir='ltr'><em>a</em></span> <span class='ocrx_word' id='word_1_98' title='bbox 240 659 360 700; x_wconf 79' lang='lat' dir='ltr'><em>latere;</em></span> <span class='ocrx_word' id='word_1_99' title='bbox 384 663 417 690; x_wconf 82' lang='lat' dir='ltr'><em>et</em></span> <span class='ocrx_word' id='word_1_100' title='bbox 438 659 486 690; x_wconf 83' lang='lat' dir='ltr'><em>sic</em></span> <span class='ocrx_word' id='word_1_101' title='bbox 509 659 629 690; x_wconf 77' lang='lat' dir='ltr'><em>cadent</em></span> <span class='ocrx_word' id='word_1_102' title='bbox 651 669 760 689; x_wconf 80' lang='lat' dir='ltr'><em>omnes</em></span> <span class='ocrx_word' id='word_1_103' title='bbox 775 658 811 689; x_wconf 83' lang='lat' dir='ltr'><em>in</em></span> <span class='ocrx_word' id='word_1_104' title='bbox 827 662 974 698; x_wconf 79' lang='lat' dir='ltr'><em>terram;</em></span> <span class='ocrx_word' id='word_1_105' title='bbox 1000 662 1032 688; x_wconf 81' lang='lat' dir='ltr'><em>ct</em></span> <span class='ocrx_word' id='word_1_106' title='bbox 1054 657 1245 696; x_wconf 83' lang='lat' dir='ltr'><em>occidemus,</em></span> <span class='ocrx_word' id='word_1_107' title='bbox 1263 660 1295 686; x_wconf 81' lang='lat' dir='ltr'><em>et</em></span> <span class='ocrx_word' id='word_1_108' title='bbox 1311 666 1350 686; x_wconf 86' lang='lat' dir='ltr'><em>ca</em></span> <span class='ocrx_word' id='word_1_109' title='bbox 1377 655 1479 685; x_wconf 79' lang='lat' dir='ltr'><em>iemus</em></span> <span class='ocrx_word' id='word_1_110' title='bbox 1496 664 1558 685; x_wconf 82' lang='lat' dir='ltr'><em>eos.</em></span> <span class='ocrx_word' id='word_1_111' title='bbox 1605 652 1697 684; x_wconf 88' lang='lat' dir='ltr'><em>Istis&#39;</em></span> <span class='ocrx_word' id='word_1_112' title='bbox 1714 653 1826 690; x_wconf 89' lang='lat' dir='ltr'><em>dictis,</em></span> <span class='ocrx_word' id='word_1_113' title='bbox 1842 652 1960 684; x_wconf 83' lang='lat' dir='ltr'><em>Theo-</em></span> 
     </span>
     <span class='ocr_line' id='line_1_15' title="bbox 118 705 1960 752; baseline -0.004 -10"><span class='ocrx_word' id='word_1_114' title='bbox 118 711 225 742; x_wconf 87' lang='lat' dir='ltr'><em>tonici</em></span> <span class='ocrx_word' id='word_1_115' title='bbox 257 721 373 742; x_wconf 89' lang='lat' dir='ltr'><em>omnes</em></span> <span class='ocrx_word' id='word_1_116' title='bbox 403 722 470 742; x_wconf 90' lang='lat' dir='ltr'><em>una</em></span> <span class='ocrx_word' id='word_1_117' title='bbox 500 721 587 743; x_wconf 91' lang='lat' dir='ltr'><em>voce</em></span> <span class='ocrx_word' id='word_1_118' title='bbox 617 711 765 742; x_wconf 89' lang='lat' dir='ltr'><em>clamare</em></span> <span class='ocrx_word' id='word_1_119' title='bbox 796 711 1014 752; x_wconf 71' lang='lat' dir='ltr'><em>inceperunt:</em></span> <span class='ocrx_word' id='word_1_120' title='bbox 1054 709 1160 749; x_wconf 76' lang='lat' dir='ltr'><em>Vivat,</em></span> <span class='ocrx_word' id='word_1_121' title='bbox 1194 709 1287 739; x_wconf 72' lang='lat' dir='ltr'><em>vivat</em></span> <span class='ocrx_word' id='word_1_122' title='bbox 1316 708 1512 749; x_wconf 77' lang='lat' dir='ltr'><em>capitaneus</em></span> <span class='ocrx_word' id='word_1_123' title='bbox 1542 711 1664 737; x_wconf 81' lang='lat' dir='ltr'><em>noster.</em></span> <span class='ocrx_word' id='word_1_124' title='bbox 1710 705 1812 737; x_wconf 91' lang='lat' dir='ltr'><em>Tunc</em></span> <span class='ocrx_word' id='word_1_125' title='bbox 1847 705 1960 736; x_wconf 80' lang='lat' dir='ltr'><em>dictus</em></span> 
     </span>
     <span class='ocr_line' id='line_1_16' title="bbox 117 757 1959 805; baseline -0.004 -10"><span class='ocrx_word' id='word_1_126' title='bbox 117 763 276 795; x_wconf 86' lang='lat' dir='ltr'><em>Marchio</em></span> <span class='ocrx_word' id='word_1_127' title='bbox 302 764 502 805; x_wconf 80' lang='lat' dir='ltr'><em>capitaneus</em></span> <span class='ocrx_word' id='word_1_128' title='bbox 526 764 622 795; x_wconf 85' lang='lat' dir='ltr'><em>dedit</em></span> <span class='ocrx_word' id='word_1_129' title='bbox 652 763 808 795; x_wconf 85' lang='lat' dir='ltr'><em>omnibus</em></span> <span class='ocrx_word' id='word_1_130' title='bbox 840 772 965 794; x_wconf 90' lang='lat' dir='ltr'><em>nomen</em></span> <span class='ocrx_word' id='word_1_131' title='bbox 994 761 1086 800; x_wconf 87' lang='lat' dir='ltr'><em>belli,</em></span> <span class='ocrx_word' id='word_1_132' title='bbox 1117 761 1247 793; x_wconf 83' lang='lat' dir='ltr'><em>scilicet</em></span> <span class='ocrx_word' id='word_1_133' title='bbox 1276 760 1438 791; x_wconf 86' lang='lat' dir='ltr'><em>Sanctum</em></span> <span class='ocrx_word' id='word_1_134' title='bbox 1472 759 1669 802; x_wconf 84' lang='lat' dir='ltr'><em>Georgium.</em></span> <span class='ocrx_word' id='word_1_135' title='bbox 1715 757 1846 790; x_wconf 85' lang='lat' dir='ltr'><em>Milites</em></span> <span class='ocrx_word' id='word_1_136' title='bbox 1877 763 1959 788; x_wconf 90' lang='lat' dir='ltr'><em>tunc</em></span> 
     </span>
     <span class='ocr_line' id='line_1_17' title="bbox 119 811 1961 857; baseline -0.004 -9"><span class='ocrx_word' id='word_1_137' title='bbox 119 826 235 848; x_wconf 88' lang='lat' dir='ltr'><em>omnes</em></span> <span class='ocrx_word' id='word_1_138' title='bbox 259 816 507 848; x_wconf 88' lang='lat' dir='ltr'><em>clamaverunt:</em></span> <span class='ocrx_word' id='word_1_139' title='bbox 532 815 590 848; x_wconf 87' lang='lat' dir='ltr'><em>Ad</em></span> <span class='ocrx_word' id='word_1_140' title='bbox 611 821 760 857; x_wconf 82' lang='lat' dir='ltr'><em>mortem,</em></span> <span class='ocrx_word' id='word_1_141' title='bbox 785 817 832 847; x_wconf 84' lang='lat' dir='ltr'><em>ad</em></span> <span class='ocrx_word' id='word_1_142' title='bbox 853 820 1000 856; x_wconf 79' lang='lat' dir='ltr'><em>mortem,</em></span> <span class='ocrx_word' id='word_1_143' title='bbox 1026 819 1142 846; x_wconf 81' lang='lat' dir='ltr'><em>contra</em></span> <span class='ocrx_word' id='word_1_144' title='bbox 1165 815 1243 845; x_wconf 81' lang='lat' dir='ltr'><em>istos</em></span> <span class='ocrx_word' id='word_1_145' title='bbox 1263 824 1378 854; x_wconf 83' lang='lat' dir='ltr'><em>canes;</em></span> <span class='ocrx_word' id='word_1_146' title='bbox 1402 818 1436 844; x_wconf 88' lang='lat' dir='ltr'><em>et</em></span> <span class='ocrx_word' id='word_1_147' title='bbox 1453 822 1587 844; x_wconf 88' lang='lat' dir='ltr'><em>cursum</em></span> <span class='ocrx_word' id='word_1_148' title='bbox 1603 811 1826 852; x_wconf 89' lang='lat' dir='ltr'><em>adripuerunt</em></span> <span class='ocrx_word' id='word_1_149' title='bbox 1842 821 1961 842; x_wconf 82' lang='lat' dir='ltr'><em>versus</em></span> 
     </span>
     <span class='ocr_line' id='line_1_18' title="bbox 118 861 1962 911; baseline -0.003 -11"><span class='ocrx_word' id='word_1_150' title='bbox 118 868 362 901; x_wconf 89' lang='lat' dir='ltr'><em>Bononienses.</em></span> <span class='ocrx_word' id='word_1_151' title='bbox 409 868 646 902; x_wconf 85' lang='lat' dir='ltr'><em>Bononienses</em></span> <span class='ocrx_word' id='word_1_152' title='bbox 669 869 825 901; x_wconf 89' lang='lat' dir='ltr'><em>videntes</em></span> <span class='ocrx_word' id='word_1_153' title='bbox 848 869 934 906; x_wconf 89' lang='lat' dir='ltr'><em>illos,</em></span> <span class='ocrx_word' id='word_1_154' title='bbox 959 869 1077 911; x_wconf 73' lang='lat' dir='ltr'><em>fugam</em></span> <span class='ocrx_word' id='word_1_155' title='bbox 1110 867 1333 908; x_wconf 87' lang='lat' dir='ltr'><em>adripuerunt</em></span> <span class='ocrx_word' id='word_1_156' title='bbox 1363 865 1438 897; x_wconf 86' lang='lat' dir='ltr'><em>sine</em></span> <span class='ocrx_word' id='word_1_157' title='bbox 1471 865 1582 906; x_wconf 88' lang='lat' dir='ltr'><em>culpis</em></span> <span class='ocrx_word' id='word_1_158' title='bbox 1614 864 1757 902; x_wconf 89' lang='lat' dir='ltr'><em>ensium,</em></span> <span class='ocrx_word' id='word_1_159' title='bbox 1788 864 1837 895; x_wconf 85' lang='lat' dir='ltr'><em>ita</em></span> <span class='ocrx_word' id='word_1_160' title='bbox 1868 861 1962 905; x_wconf 90' lang='lat' dir='ltr'><em>quod</em></span> 
     </span>
     <span class='ocr_line' id='line_1_19' title="bbox 119 916 1962 964; baseline -0.003 -12"><span class='ocrx_word' id='word_1_161' title='bbox 119 922 254 959; x_wconf 84' lang='lat' dir='ltr'><em>mortui,</em></span> <span class='ocrx_word' id='word_1_162' title='bbox 280 928 314 954; x_wconf 89' lang='lat' dir='ltr'><em>et</em></span> <span class='ocrx_word' id='word_1_163' title='bbox 338 923 430 964; x_wconf 86' lang='lat' dir='ltr'><em>capti</em></span> <span class='ocrx_word' id='word_1_164' title='bbox 454 922 595 954; x_wconf 79' lang='lat' dir='ltr'><em>fuerunt</em></span> <span class='ocrx_word' id='word_1_165' title='bbox 618 922 710 953; x_wconf 88' lang='lat' dir='ltr'><em>circa</em></span> <span class='ocrx_word' id='word_1_166' title='bbox 734 919 864 960; x_wconf 65' lang='lat' dir='ltr'><em>m=1M¹¹³‚</em></span> <span class='ocrx_word' id='word_1_167' title='bbox 887 922 924 953; x_wconf 91' lang='lat' dir='ltr'><em>in</em></span> <span class='ocrx_word' id='word_1_168' title='bbox 956 920 1078 964; x_wconf 91' lang='lat' dir='ltr'><em>quibus</em></span> <span class='ocrx_word' id='word_1_169' title='bbox 1108 920 1174 951; x_wconf 73' lang='lat' dir='ltr'><em>fuit</em></span> <span class='ocrx_word' id='word_1_170' title='bbox 1205 925 1357 951; x_wconf 87' lang='lat' dir='ltr'><em>mortuus</em></span> <span class='ocrx_word' id='word_1_171' title='bbox 1388 917 1587 950; x_wconf 85' lang='lat' dir='ltr'><em>Albertinus</em></span> <span class='ocrx_word' id='word_1_172' title='bbox 1611 918 1654 949; x_wconf 87' lang='lat' dir='ltr'><em>de</em></span> <span class='ocrx_word' id='word_1_173' title='bbox 1686 916 1877 949; x_wconf 86' lang='lat' dir='ltr'><em>Buschettis</em></span> <span class='ocrx_word' id='word_1_174' title='bbox 1900 926 1962 947; x_wconf 92' lang='lat' dir='ltr'><em>no-</em></span> 
     </span>
     <span class='ocr_line' id='line_1_20' title="bbox 117 968 1960 1016; baseline -0.003 -12"><span class='ocrx_word' id='word_1_175' title='bbox 117 973 195 1005; x_wconf 87' lang='lat' dir='ltr'><em>bilis</em></span> <span class='ocrx_word' id='word_1_176' title='bbox 218 974 302 1006; x_wconf 90' lang='lat' dir='ltr'><em>civis</em></span> <span class='ocrx_word' id='word_1_177' title='bbox 325 974 459 1006; x_wconf 82' lang='lat' dir='ltr'><em>Mutine</em></span> <span class='ocrx_word' id='word_1_178' title='bbox 484 975 706 1012; x_wconf 55' lang='lat' dir='ltr'><em>extrinsecus</em></span> <span class='ocrx_word' id='word_1_179' title='bbox 732 975 823 1016; x_wconf 88' lang='lat' dir='ltr'><em>capti</em></span> <span class='ocrx_word' id='word_1_180' title='bbox 848 974 937 1005; x_wconf 90' lang='lat' dir='ltr'><em>inter</em></span> <span class='ocrx_word' id='word_1_181' title='bbox 962 973 1045 1005; x_wconf 86' lang='lat' dir='ltr'><em>alios</em></span> <span class='ocrx_word' id='word_1_182' title='bbox 1067 973 1208 1004; x_wconf 78' lang='lat' dir='ltr'><em>fuerunt</em></span> <span class='ocrx_word' id='word_1_183' title='bbox 1231 970 1391 1003; x_wconf 88' lang='lat' dir='ltr'><em>dominus</em></span> <span class='ocrx_word' id='word_1_184' title='bbox 1415 970 1572 1002; x_wconf 87' lang='lat' dir='ltr'><em>Sassolus</em></span> <span class='ocrx_word' id='word_1_185' title='bbox 1596 970 1638 1002; x_wconf 88' lang='lat' dir='ltr'><em>de</em></span> <span class='ocrx_word' id='word_1_186' title='bbox 1664 969 1800 1007; x_wconf 77' lang='lat' dir='ltr'><em>Saxolo‚</em></span> <span class='ocrx_word' id='word_1_187' title='bbox 1818 968 1960 1010; x_wconf 85' lang='lat' dir='ltr'><em>Jacopi-</em></span> 
     </span>
     <span class='ocr_line' id='line_1_21' title="bbox 118 1022 1959 1069; baseline -0.003 -11"><span class='ocrx_word' id='word_1_188' title='bbox 118 1037 180 1058; x_wconf 92' lang='lat' dir='ltr'><em>nus</em></span> <span class='ocrx_word' id='word_1_189' title='bbox 203 1027 246 1058; x_wconf 87' lang='lat' dir='ltr'><em>de</em></span> <span class='ocrx_word' id='word_1_190' title='bbox 270 1027 499 1069; x_wconf 80' lang='lat' dir='ltr'><em>Rangonibus</em></span> <span class='ocrx_word' id='word_1_191' title='bbox 523 1027 567 1059; x_wconf 85' lang='lat' dir='ltr'><em>de</em></span> <span class='ocrx_word' id='word_1_192' title='bbox 590 1027 736 1065; x_wconf 82' lang='lat' dir='ltr'><em>Mutina,</em></span> <span class='ocrx_word' id='word_1_193' title='bbox 760 1027 891 1069; x_wconf 84' lang='lat' dir='ltr'><em>Lippus</em></span> <span class='ocrx_word' id='word_1_194' title='bbox 914 1027 956 1058; x_wconf 86' lang='lat' dir='ltr'><em>de</em></span> <span class='ocrx_word' id='word_1_195' title='bbox 980 1025 1146 1067; x_wconf 87' lang='lat' dir='ltr'><em>Peppulis</em></span> <span class='ocrx_word' id='word_1_196' title='bbox 1169 1025 1213 1056; x_wconf 89' lang='lat' dir='ltr'><em>de</em></span> <span class='ocrx_word' id='word_1_197' title='bbox 1236 1024 1402 1062; x_wconf 87' lang='lat' dir='ltr'><em>Bononia,</em></span> <span class='ocrx_word' id='word_1_198' title='bbox 1418 1023 1656 1055; x_wconf 82' lang='lat' dir='ltr'><em>Malatestinus</em></span> <span class='ocrx_word' id='word_1_199' title='bbox 1680 1023 1723 1055; x_wconf 89' lang='lat' dir='ltr'><em>de</em></span> <span class='ocrx_word' id='word_1_200' title='bbox 1747 1022 1959 1054; x_wconf 84' lang='lat' dir='ltr'><em>Malatestis¹</em></span> 
     </span>
     <span class='ocr_line' id='line_1_22' title="bbox 119 1074 1957 1123; baseline -0.003 -13"><span class='ocrx_word' id='word_1_201' title='bbox 119 1079 161 1111; x_wconf 89' lang='lat' dir='ltr'><em>de</em></span> <span class='ocrx_word' id='word_1_202' title='bbox 187 1078 356 1117; x_wconf 85' lang='lat' dir='ltr'><em>Arimino,</em></span> <span class='ocrx_word' id='word_1_203' title='bbox 381 1079 580 1112; x_wconf 86' lang='lat' dir='ltr'><em>Gherardus</em></span> <span class='ocrx_word' id='word_1_204' title='bbox 604 1079 647 1111; x_wconf 91' lang='lat' dir='ltr'><em>de</em></span> <span class='ocrx_word' id='word_1_205' title='bbox 671 1079 899 1123; x_wconf 82' lang='lat' dir='ltr'><em>Raugonibus</em></span> <span class='ocrx_word' id='word_1_206' title='bbox 923 1085 957 1111; x_wconf 90' lang='lat' dir='ltr'><em>et</em></span> <span class='ocrx_word' id='word_1_207' title='bbox 980 1078 1078 1110; x_wconf 89' lang='lat' dir='ltr'><em>multi</em></span> <span class='ocrx_word' id='word_1_208' title='bbox 1102 1078 1160 1110; x_wconf 75' lang='lat' dir='ltr'><em>alii</em></span> <span class='ocrx_word' id='word_1_209' title='bbox 1176 1077 1369 1120; x_wconf 87' lang='lat' dir='ltr'><em>populares,</em></span> <span class='ocrx_word' id='word_1_210' title='bbox 1394 1083 1428 1108; x_wconf 90' lang='lat' dir='ltr'><em>et</em></span> <span class='ocrx_word' id='word_1_211' title='bbox 1453 1076 1616 1108; x_wconf 89' lang='lat' dir='ltr'><em>conducti</em></span> <span class='ocrx_word' id='word_1_212' title='bbox 1633 1076 1772 1107; x_wconf 75' lang='lat' dir='ltr'><em>fuerunt</em></span> <span class='ocrx_word' id='word_1_213' title='bbox 1788 1074 1957 1107; x_wconf 83' lang='lat' dir='ltr'><em>Mutinam</em></span> 
     </span>
     <span class='ocr_line' id='line_1_23' title="bbox 116 1128 1960 1174; baseline -0.002 -12"><span class='ocrx_word' id='word_1_214' title='bbox 116 1131 152 1162; x_wconf 88' lang='lat' dir='ltr'><em>in</em></span> <span class='ocrx_word' id='word_1_215' title='bbox 177 1132 374 1164; x_wconf 85' lang='lat' dir='ltr'><em>carceribus</em></span> <span class='ocrx_word' id='word_1_216' title='bbox 398 1132 532 1165; x_wconf 87' lang='lat' dir='ltr'><em>domini</em></span> <span class='ocrx_word' id='word_1_217' title='bbox 556 1132 740 1171; x_wconf 85' lang='lat' dir='ltr'><em>Passarini‚</em></span> <span class='ocrx_word' id='word_1_218' title='bbox 765 1132 917 1174; x_wconf 79' lang='lat' dir='ltr'><em>exceptis</em></span> <span class='ocrx_word' id='word_1_219' title='bbox 942 1137 1086 1174; x_wconf 89' lang='lat' dir='ltr'><em>quatuor</em></span> <span class='ocrx_word' id='word_1_220' title='bbox 1109 1131 1163 1162; x_wconf 90' lang='lat' dir='ltr'><em>vel</em></span> <span class='ocrx_word' id='word_1_221' title='bbox 1187 1141 1256 1167; x_wconf 79' lang='lat' dir='ltr'><em>sex,</em></span> <span class='ocrx_word' id='word_1_222' title='bbox 1282 1140 1366 1171; x_wconf 88' lang='lat' dir='ltr'><em>quos</em></span> <span class='ocrx_word' id='word_1_223' title='bbox 1389 1128 1548 1161; x_wconf 89' lang='lat' dir='ltr'><em>dominus</em></span> <span class='ocrx_word' id='word_1_224' title='bbox 1571 1128 1725 1160; x_wconf 91' lang='lat' dir='ltr'><em>marchio</em></span> <span class='ocrx_word' id='word_1_225' title='bbox 1756 1128 1960 1171; x_wconf 80' lang='lat' dir='ltr'><em>Raynaldus</em></span> 
     </span>
     <span class='ocr_line' id='line_1_24' title="bbox 117 1180 1962 1228; baseline -0.002 -13"><span class='ocrx_word' id='word_1_226' title='bbox 117 1184 224 1216; x_wconf 90' lang='lat' dir='ltr'><em>voluit</em></span> <span class='ocrx_word' id='word_1_227' title='bbox 247 1185 339 1226; x_wconf 87' lang='lat' dir='ltr'><em>apud</em></span> <span class='ocrx_word' id='word_1_228' title='bbox 362 1196 398 1217; x_wconf 89' lang='lat' dir='ltr'><em>se</em></span> <span class='ocrx_word' id='word_1_229' title='bbox 423 1192 594 1228; x_wconf 87' lang='lat' dir='ltr'><em>tamquam</em></span> <span class='ocrx_word' id='word_1_230' title='bbox 617 1192 778 1227; x_wconf 87' lang='lat' dir='ltr'><em>parentes</em></span> <span class='ocrx_word' id='word_1_231' title='bbox 803 1191 836 1217; x_wconf 87' lang='lat' dir='ltr'><em>et</em></span> <span class='ocrx_word' id='word_1_232' title='bbox 859 1185 1007 1221; x_wconf 80' lang='lat' dir='ltr'><em>amicos3</em></span> <span class='ocrx_word' id='word_1_233' title='bbox 1034 1190 1068 1215; x_wconf 91' lang='lat' dir='ltr'><em>et</em></span> <span class='ocrx_word' id='word_1_234' title='bbox 1091 1194 1209 1215; x_wconf 86' lang='lat' dir='ltr'><em>omnes</em></span> <span class='ocrx_word' id='word_1_235' title='bbox 1234 1193 1311 1215; x_wconf 91' lang='lat' dir='ltr'><em>cum</em></span> <span class='ocrx_word' id='word_1_236' title='bbox 1334 1182 1482 1213; x_wconf 80' lang='lat' dir='ltr'><em>maximo</em></span> <span class='ocrx_word' id='word_1_237' title='bbox 1510 1181 1636 1223; x_wconf 85' lang='lat' dir='ltr'><em>gaudio</em></span> <span class='ocrx_word' id='word_1_238' title='bbox 1659 1181 1835 1213; x_wconf 91' lang='lat' dir='ltr'><em>redierunt</em></span> <span class='ocrx_word' id='word_1_239' title='bbox 1858 1180 1962 1212; x_wconf 88' lang='lat' dir='ltr'><em>Muti-</em></span> 
     </span>
     <span class='ocr_line' id='line_1_25' title="bbox 116 1233 1962 1280; baseline -0.002 -12"><span class='ocrx_word' id='word_1_240' title='bbox 116 1247 194 1268; x_wconf 86' lang='lat' dir='ltr'><em>nam</em></span> <span class='ocrx_word' id='word_1_241' title='bbox 209 1237 230 1269; x_wconf 52' lang='grc' dir='ltr'><em>Ξ.</em></span> <span class='ocrx_word' id='word_1_242' title='bbox 276 1238 358 1270; x_wconf 88' lang='lat' dir='ltr'><em>Post</em></span> <span class='ocrx_word' id='word_1_243' title='bbox 374 1249 456 1270; x_wconf 84' lang='lat' dir='ltr'><em>vero</em></span> <span class='ocrx_word' id='word_1_244' title='bbox 481 1238 621 1280; x_wconf 89' lang='lat' dir='ltr'><em>aliquod</em></span> <span class='ocrx_word' id='word_1_245' title='bbox 645 1239 718 1270; x_wconf 87' lang='lat' dir='ltr'><em>dies</em></span> <span class='ocrx_word' id='word_1_246' title='bbox 743 1238 856 1270; x_wconf 89' lang='lat' dir='ltr'><em>dictus</em></span> <span class='ocrx_word' id='word_1_247' title='bbox 880 1237 1040 1270; x_wconf 88' lang='lat' dir='ltr'><em>dominus</em></span> <span class='ocrx_word' id='word_1_248' title='bbox 1063 1237 1221 1268; x_wconf 91' lang='lat' dir='ltr'><em>Marchio</em></span> <span class='ocrx_word' id='word_1_249' title='bbox 1247 1246 1324 1267; x_wconf 91' lang='lat' dir='ltr'><em>cum</em></span> <span class='ocrx_word' id='word_1_250' title='bbox 1347 1235 1488 1278; x_wconf 73' lang='lat' dir='ltr'><em>Accone</em></span> <span class='ocrx_word' id='word_1_251' title='bbox 1512 1234 1725 1266; x_wconf 89' lang='lat' dir='ltr'><em>Vicecomite</em></span> <span class='ocrx_word' id='word_1_252' title='bbox 1750 1233 1962 1275; x_wconf 84' lang='lat' dir='ltr'><em>reliquerunt</em></span> 
     </span>
     <span class='ocr_line' id='line_1_26' title="bbox 115 1286 1959 1328; baseline -0.002 -7"><span class='ocrx_word' id='word_1_253' title='bbox 115 1300 233 1322; x_wconf 87' lang='lat' dir='ltr'><em>omnes</em></span> <span class='ocrx_word' id='word_1_254' title='bbox 256 1291 414 1322; x_wconf 74' lang='lat' dir='ltr'><em>arnexios</em></span> <span class='ocrx_word' id='word_1_255' title='bbox 443 1297 476 1323; x_wconf 87' lang='lat' dir='ltr'><em>et</em></span> <span class='ocrx_word' id='word_1_256' title='bbox 508 1291 575 1322; x_wconf 88' lang='lat' dir='ltr'><em>alia</em></span> <span class='ocrx_word' id='word_1_257' title='bbox 599 1291 634 1322; x_wconf 85' lang='lat' dir='ltr'><em>in</em></span> <span class='ocrx_word' id='word_1_258' title='bbox 657 1291 806 1328; x_wconf 83' lang='lat' dir='ltr'><em>Mutina;</em></span> <span class='ocrx_word' id='word_1_259' title='bbox 833 1297 865 1322; x_wconf 91' lang='lat' dir='ltr'><em>et</em></span> <span class='ocrx_word' id='word_1_260' title='bbox 889 1291 1015 1322; x_wconf 89' lang='lat' dir='ltr'><em>deinde</em></span> <span class='ocrx_word' id='word_1_261' title='bbox 1039 1290 1245 1322; x_wconf 87' lang='lat' dir='ltr'><em>recedentes</em></span> <span class='ocrx_word' id='word_1_262' title='bbox 1268 1290 1404 1320; x_wconf 91' lang='lat' dir='ltr'><em>iverunt</em></span> <span class='ocrx_word' id='word_1_263' title='bbox 1428 1288 1619 1320; x_wconf 87' lang='lat' dir='ltr'><em>Ferrariam</em></span> <span class='ocrx_word' id='word_1_264' title='bbox 1643 1287 1687 1318; x_wconf 87' lang='lat' dir='ltr'><em>ad</em></span> <span class='ocrx_word' id='word_1_265' title='bbox 1716 1287 1839 1318; x_wconf 75' lang='lat' dir='ltr'><em>festum</em></span> <span class='ocrx_word' id='word_1_266' title='bbox 1871 1286 1959 1317; x_wconf 86' lang='lat' dir='ltr'><em>nati-</em></span> 
     </span>
     <span class='ocr_line' id='line_1_27' title="bbox 115 1339 1960 1386; baseline -0.003 -12"><span class='ocrx_word' id='word_1_267' title='bbox 115 1342 226 1374; x_wconf 84' lang='lat' dir='ltr'><em>vitatis</em></span> <span class='ocrx_word' id='word_1_268' title='bbox 248 1343 387 1375; x_wconf 85' lang='lat' dir='ltr'><em>Domini</em></span> <span class='ocrx_word' id='word_1_269' title='bbox 412 1344 518 1376; x_wconf 82' lang='lat' dir='ltr'><em>nostri</em></span> <span class='ocrx_word' id='word_1_270' title='bbox 541 1344 646 1386; x_wconf 87' lang='lat' dir='ltr'><em>Jhesu</em></span> <span class='ocrx_word' id='word_1_271' title='bbox 670 1344 807 1380; x_wconf 87' lang='lat' dir='ltr'><em>Christi,</em></span> <span class='ocrx_word' id='word_1_272' title='bbox 830 1343 887 1374; x_wconf 89' lang='lat' dir='ltr'><em>ubi</em></span> <span class='ocrx_word' id='word_1_273' title='bbox 913 1353 991 1374; x_wconf 91' lang='lat' dir='ltr'><em>cum</em></span> <span class='ocrx_word' id='word_1_274' title='bbox 1015 1343 1145 1374; x_wconf 88' lang='lat' dir='ltr'><em>honore</em></span> <span class='ocrx_word' id='word_1_275' title='bbox 1171 1347 1205 1374; x_wconf 89' lang='lat' dir='ltr'><em>et</em></span> <span class='ocrx_word' id='word_1_276' title='bbox 1227 1341 1338 1373; x_wconf 89' lang='lat' dir='ltr'><em>letitia</em></span> <span class='ocrx_word' id='word_1_277' title='bbox 1360 1341 1394 1371; x_wconf 88' lang='lat' dir='ltr'><em>iu</em></span> <span class='ocrx_word' id='word_1_278' title='bbox 1412 1339 1570 1372; x_wconf 83' lang='lat' dir='ltr'><em>Ferraria</em></span> <span class='ocrx_word' id='word_1_279' title='bbox 1586 1340 1735 1377; x_wconf 80' lang='lat' dir='ltr'><em>fuerunt,</em></span> <span class='ocrx_word' id='word_1_280' title='bbox 1756 1344 1788 1371; x_wconf 88' lang='lat' dir='ltr'><em>et</em></span> <span class='ocrx_word' id='word_1_281' title='bbox 1805 1339 1960 1380; x_wconf 85' lang='lat' dir='ltr'><em>expirato</em></span> 
     </span>
     <span class='ocr_line' id='line_1_28' title="bbox 117 1395 688 1428; baseline 0.004 -2"><span class='ocrx_word' id='word_1_282' title='bbox 117 1395 207 1427; x_wconf 77' lang='lat' dir='ltr'><em>festo</em></span> <span class='ocrx_word' id='word_1_283' title='bbox 231 1395 406 1428; x_wconf 90' lang='lat' dir='ltr'><em>redierunt</em></span> <span class='ocrx_word' id='word_1_284' title='bbox 431 1396 597 1428; x_wconf 76' lang='lat' dir='ltr'><em>Mutinam</em></span> <span class='ocrx_word' id='word_1_285' title='bbox 623 1403 688 1428; x_wconf 87' lang='lat' dir='ltr'><em>etc.</em></span> 
     </span>
    </p>

    <p class='ocr_par' dir='ltr' id='par_1_11' title="bbox 117 1445 1962 1544">
     <span class='ocr_line' id='line_1_29' title="bbox 204 1445 1962 1490; baseline -0.002 -10"><span class='ocrx_word' id='word_1_286' title='bbox 204 1449 339 1480; x_wconf 89' lang='lat' dir='ltr'><em>Eodem</em></span> <span class='ocrx_word' id='word_1_287' title='bbox 364 1449 546 1481; x_wconf 85' lang='lat' dir='ltr'><em>millesimo</em></span> <span class='ocrx_word' id='word_1_288' title='bbox 571 1455 603 1481; x_wconf 89' lang='lat' dir='ltr'><em>et</em></span> <span class='ocrx_word' id='word_1_289' title='bbox 627 1459 742 1481; x_wconf 88' lang='lat' dir='ltr'><em>mense</em></span> <span class='ocrx_word' id='word_1_290' title='bbox 767 1448 972 1481; x_wconf 87' lang='lat' dir='ltr'><em>decembris.</em></span> <span class='ocrx_word' id='word_1_291' title='bbox 1018 1449 1096 1480; x_wconf 91' lang='lat' dir='ltr'><em>Duo</em></span> <span class='ocrx_word' id='word_1_292' title='bbox 1120 1454 1251 1490; x_wconf 80' lang='lat' dir='ltr'><em>ponteS,</em></span> <span class='ocrx_word' id='word_1_293' title='bbox 1276 1447 1410 1479; x_wconf 89' lang='lat' dir='ltr'><em>scilicet</em></span> <span class='ocrx_word' id='word_1_294' title='bbox 1432 1455 1519 1488; x_wconf 90' lang='lat' dir='ltr'><em>pons</em></span> <span class='ocrx_word' id='word_1_295' title='bbox 1536 1445 1649 1478; x_wconf 87' lang='lat' dir='ltr'><em>Castri</em></span> <span class='ocrx_word' id='word_1_296' title='bbox 1673 1445 1790 1484; x_wconf 86' lang='lat' dir='ltr'><em>tealdi‚</em></span> <span class='ocrx_word' id='word_1_297' title='bbox 1815 1451 1848 1476; x_wconf 86' lang='lat' dir='ltr'><em>et</em></span> <span class='ocrx_word' id='word_1_298' title='bbox 1876 1455 1962 1486; x_wconf 82' lang='lat' dir='ltr'><em>pons</em></span> 
     </span>
     <span class='ocr_line' id='line_1_30' title="bbox 117 1499 1400 1544; baseline -0.002 -11"><span class='ocrx_word' id='word_1_299' title='bbox 117 1501 159 1533; x_wconf 88' lang='lat' dir='ltr'><em>de</em></span> <span class='ocrx_word' id='word_1_300' title='bbox 180 1501 277 1544; x_wconf 87' lang='lat' dir='ltr'><em>Lago</em></span> <span class='ocrx_word' id='word_1_301' title='bbox 303 1501 450 1533; x_wconf 85' lang='lat' dir='ltr'><em>obscuro</em></span> <span class='ocrx_word' id='word_1_302' title='bbox 462 1501 484 1539; x_wconf 82' lang='lat'><em>³,</em></span> <span class='ocrx_word' id='word_1_303' title='bbox 509 1501 610 1533; x_wconf 76' lang='lat' dir='ltr'><em>fracti</em></span> <span class='ocrx_word' id='word_1_304' title='bbox 634 1508 711 1533; x_wconf 87' lang='lat' dir='ltr'><em>sunt</em></span> <span class='ocrx_word' id='word_1_305' title='bbox 733 1506 876 1543; x_wconf 91' lang='lat' dir='ltr'><em>propter</em></span> <span class='ocrx_word' id='word_1_306' title='bbox 899 1511 1060 1543; x_wconf 85' lang='lat' dir='ltr'><em>magnum</em></span> <span class='ocrx_word' id='word_1_307' title='bbox 1084 1500 1196 1543; x_wconf 83' lang='lat' dir='ltr'><em>frigus</em></span> <span class='ocrx_word' id='word_1_308' title='bbox 1219 1505 1253 1531; x_wconf 90' lang='lat' dir='ltr'><em>et</em></span> <span class='ocrx_word' id='word_1_309' title='bbox 1276 1499 1400 1542; x_wconf 87' lang='lat' dir='ltr'><em>gelum.</em></span> 
     </span>
    </p>
   </div>
   <div class='ocr_carea' id='block_1_11' title="bbox 907 1630 1174 1674">
    <p class='ocr_par' dir='ltr' id='par_1_12' title="bbox 907 1630 1174 1674">
     <span class='ocr_line' id='line_1_31' title="bbox 907 1630 1174 1674; baseline 0 -12"><span class='ocrx_word' id='word_1_310' title='bbox 907 1630 1143 1664; x_wconf 73' lang='lat' dir='ltr'><em>mcccxxv</em></span> <span class='ocrx_word' id='word_1_311' title='bbox 1143 1632 1174 1674; x_wconf 90' lang='lat' dir='ltr'><em>J.</em></span> 
     </span>
    </p>
   </div>
   <div class='ocr_carea' id='block_1_12' title="bbox 116 1718 1964 2556">
    <p class='ocr_par' dir='ltr' id='par_1_13' title="bbox 116 1718 1962 1869">
     <span class='ocr_line' id='line_1_32' title="bbox 203 1718 1962 1764; baseline -0.002 -13"><span class='ocrx_word' id='word_1_312' title='bbox 203 1720 255 1752; x_wconf 89' lang='lat' dir='ltr'><em>De</em></span> <span class='ocrx_word' id='word_1_313' title='bbox 280 1730 394 1753; x_wconf 90' lang='lat' dir='ltr'><em>mense</em></span> <span class='ocrx_word' id='word_1_314' title='bbox 417 1721 563 1764; x_wconf 82' lang='lat' dir='ltr'><em>januarii</em></span> <span class='ocrx_word' id='word_1_315' title='bbox 575 1720 597 1753; x_wconf 77' lang='lat'><em>⁴.</em></span> <span class='ocrx_word' id='word_1_316' title='bbox 644 1721 718 1753; x_wconf 70' lang='lat' dir='ltr'><em>Pax</em></span> <span class='ocrx_word' id='word_1_317' title='bbox 740 1722 837 1753; x_wconf 73' lang='lat' dir='ltr'><em>facta</em></span> <span class='ocrx_word' id='word_1_318' title='bbox 861 1726 911 1753; x_wconf 86' lang='lat' dir='ltr'><em>est</em></span> <span class='ocrx_word' id='word_1_319' title='bbox 934 1722 1025 1752; x_wconf 91' lang='lat' dir='ltr'><em>inter</em></span> <span class='ocrx_word' id='word_1_320' title='bbox 1057 1721 1230 1753; x_wconf 90' lang='lat' dir='ltr'><em>dominum</em></span> <span class='ocrx_word' id='word_1_321' title='bbox 1255 1719 1475 1752; x_wconf 89' lang='lat' dir='ltr'><em>Passarinum</em></span> <span class='ocrx_word' id='word_1_322' title='bbox 1499 1720 1543 1751; x_wconf 84' lang='lat' dir='ltr'><em>de</em></span> <span class='ocrx_word' id='word_1_323' title='bbox 1576 1718 1720 1750; x_wconf 86' lang='lat' dir='ltr'><em>Mantua</em></span> <span class='ocrx_word' id='word_1_324' title='bbox 1751 1724 1785 1749; x_wconf 90' lang='lat' dir='ltr'><em>et</em></span> <span class='ocrx_word' id='word_1_325' title='bbox 1818 1728 1962 1750; x_wconf 89' lang='lat' dir='ltr'><em>comune</em></span> 
     </span>
     <span class='ocr_line' id='line_1_33' title="bbox 116 1770 1962 1811; baseline -0.001 -8"><span class='ocrx_word' id='word_1_326' title='bbox 116 1773 282 1811; x_wconf 88' lang='lat' dir='ltr'><em>Bononie,</em></span> <span class='ocrx_word' id='word_1_327' title='bbox 308 1780 341 1805; x_wconf 90' lang='lat' dir='ltr'><em>et</em></span> <span class='ocrx_word' id='word_1_328' title='bbox 363 1774 519 1806; x_wconf 77' lang='lat' dir='ltr'><em>restituta</em></span> <span class='ocrx_word' id='word_1_329' title='bbox 542 1775 681 1806; x_wconf 80' lang='lat' dir='ltr'><em>fuerunt</em></span> <span class='ocrx_word' id='word_1_330' title='bbox 706 1781 817 1807; x_wconf 83' lang='lat' dir='ltr'><em>castra</em></span> <span class='ocrx_word' id='word_1_331' title='bbox 840 1774 1122 1811; x_wconf 85' lang='lat' dir='ltr'><em>Bononiensibus,</em></span> <span class='ocrx_word' id='word_1_332' title='bbox 1147 1780 1180 1805; x_wconf 91' lang='lat' dir='ltr'><em>et</em></span> <span class='ocrx_word' id='word_1_333' title='bbox 1203 1773 1373 1805; x_wconf 83' lang='lat' dir='ltr'><em>carcerati</em></span> <span class='ocrx_word' id='word_1_334' title='bbox 1390 1772 1536 1804; x_wconf 79' lang='lat' dir='ltr'><em>relaxati</em></span> <span class='ocrx_word' id='word_1_335' title='bbox 1552 1772 1703 1811; x_wconf 77' lang='lat' dir='ltr'><em>fuerunt,</em></span> <span class='ocrx_word' id='word_1_336' title='bbox 1720 1771 1786 1802; x_wconf 87' lang='lat' dir='ltr'><em>nisi</em></span> <span class='ocrx_word' id='word_1_337' title='bbox 1802 1770 1962 1803; x_wconf 87' lang='lat' dir='ltr'><em>dominus</em></span> 
     </span>
     <span class='ocr_line' id='line_1_34' title="bbox 117 1825 1460 1869; baseline 0.001 -13"><span class='ocrx_word' id='word_1_338' title='bbox 117 1825 274 1865; x_wconf 79' lang='lat' dir='ltr'><em>Saxolus‚</em></span> <span class='ocrx_word' id='word_1_339' title='bbox 299 1827 359 1869; x_wconf 88' lang='lat' dir='ltr'><em>qui</em></span> <span class='ocrx_word' id='word_1_340' title='bbox 384 1827 466 1859; x_wconf 83' lang='lat' dir='ltr'><em>obiit</em></span> <span class='ocrx_word' id='word_1_341' title='bbox 489 1828 526 1858; x_wconf 89' lang='lat' dir='ltr'><em>in</em></span> <span class='ocrx_word' id='word_1_342' title='bbox 550 1827 651 1859; x_wconf 85' lang='lat' dir='ltr'><em>dictis</em></span> <span class='ocrx_word' id='word_1_343' title='bbox 675 1827 872 1859; x_wconf 86' lang='lat' dir='ltr'><em>carceribus</em></span> <span class='ocrx_word' id='word_1_344' title='bbox 897 1827 1030 1860; x_wconf 85' lang='lat' dir='ltr'><em>domini</em></span> <span class='ocrx_word' id='word_1_345' title='bbox 1053 1827 1225 1859; x_wconf 86' lang='lat' dir='ltr'><em>Passarini</em></span> <span class='ocrx_word' id='word_1_346' title='bbox 1249 1827 1283 1857; x_wconf 89' lang='lat' dir='ltr'><em>in</em></span> <span class='ocrx_word' id='word_1_347' title='bbox 1306 1826 1460 1858; x_wconf 85' lang='lat' dir='ltr'><em>Mantua.</em></span> 
     </span>
    </p>

    <p class='ocr_par' dir='ltr' id='par_1_14' title="bbox 116 1876 1962 2018">
     <span class='ocr_line' id='line_1_35' title="bbox 203 1876 1960 1924; baseline -0.002 -13"><span class='ocrx_word' id='word_1_348' title='bbox 203 1879 336 1911; x_wconf 90' lang='lat' dir='ltr'><em>Eodem</em></span> <span class='ocrx_word' id='word_1_349' title='bbox 360 1880 540 1912; x_wconf 89' lang='lat' dir='ltr'><em>millesimo</em></span> <span class='ocrx_word' id='word_1_350' title='bbox 566 1880 608 1912; x_wconf 92' lang='lat' dir='ltr'><em>de</em></span> <span class='ocrx_word' id='word_1_351' title='bbox 625 1890 743 1912; x_wconf 87' lang='lat' dir='ltr'><em>mense</em></span> <span class='ocrx_word' id='word_1_352' title='bbox 760 1880 898 1922; x_wconf 85' lang='lat' dir='ltr'><em>aprelis.</em></span> <span class='ocrx_word' id='word_1_353' title='bbox 923 1880 1126 1924; x_wconf 71' lang='lat' dir='ltr'><em>Raynaldus</em></span> <span class='ocrx_word' id='word_1_354' title='bbox 1144 1880 1187 1912; x_wconf 86' lang='lat' dir='ltr'><em>de</em></span> <span class='ocrx_word' id='word_1_355' title='bbox 1203 1879 1486 1920; x_wconf 87' lang='lat' dir='ltr'><em>Buchinpanibus</em></span> <span class='ocrx_word' id='word_1_356' title='bbox 1503 1879 1546 1910; x_wconf 90' lang='lat' dir='ltr'><em>de</em></span> <span class='ocrx_word' id='word_1_357' title='bbox 1565 1879 1725 1910; x_wconf 88' lang='lat' dir='ltr'><em>mandato</em></span> <span class='ocrx_word' id='word_1_358' title='bbox 1746 1876 1960 1909; x_wconf 87' lang='lat' dir='ltr'><em>dominorum</em></span> 
     </span>
     <span class='ocr_line' id='line_1_36' title="bbox 116 1929 1962 1977; baseline -0.001 -14"><span class='ocrx_word' id='word_1_359' title='bbox 116 1932 352 1964; x_wconf 87' lang='lat' dir='ltr'><em>marchionum</em></span> <span class='ocrx_word' id='word_1_360' title='bbox 377 1934 563 1977; x_wconf 87' lang='lat' dir='ltr'><em>Raynaldy</em></span> <span class='ocrx_word' id='word_1_361' title='bbox 589 1940 622 1966; x_wconf 91' lang='lat' dir='ltr'><em>et</em></span> <span class='ocrx_word' id='word_1_362' title='bbox 645 1933 819 1977; x_wconf 58' lang='lat' dir='ltr'><em>Obsponis,</em></span> <span class='ocrx_word' id='word_1_363' title='bbox 837 1934 980 1966; x_wconf 85' lang='lat' dir='ltr'><em>militum</em></span> <span class='ocrx_word' id='word_1_364' title='bbox 1005 1934 1198 1971; x_wconf 87' lang='lat' dir='ltr'><em>estensium,</em></span> <span class='ocrx_word' id='word_1_365' title='bbox 1224 1933 1284 1965; x_wconf 82' lang='lat' dir='ltr'><em>ivit</em></span> <span class='ocrx_word' id='word_1_366' title='bbox 1307 1932 1573 1965; x_wconf 87' lang='lat' dir='ltr'><em>Romandiolam</em></span> <span class='ocrx_word' id='word_1_367' title='bbox 1597 1932 1793 1974; x_wconf 84' lang='lat' dir='ltr'><em>capitaneus</em></span> <span class='ocrx_word' id='word_1_368' title='bbox 1817 1940 1881 1962; x_wconf 90' lang='lat' dir='ltr'><em>ccc</em></span> <span class='ocrx_word' id='word_1_369' title='bbox 1901 1929 1962 1960; x_wconf 87' lang='lat' dir='ltr'><em>rni-</em></span> 
     </span>
     <span class='ocr_line' id='line_1_37' title="bbox 118 1985 447 2018; baseline 0.006 -2"><span class='ocrx_word' id='word_1_370' title='bbox 118 1985 213 2017; x_wconf 85' lang='lat' dir='ltr'><em>litum</em></span> <span class='ocrx_word' id='word_1_371' title='bbox 237 1986 274 2017; x_wconf 89' lang='lat' dir='ltr'><em>in</em></span> <span class='ocrx_word' id='word_1_372' title='bbox 298 1987 447 2018; x_wconf 84' lang='lat' dir='ltr'><em>servitio.</em></span> 
     </span>
    </p>

    <p class='ocr_par' dir='ltr' id='par_1_15' title="bbox 116 2036 1964 2402">
     <span class='ocr_line' id='line_1_38' title="bbox 204 2036 1963 2083; baseline -0.002 -13"><span class='ocrx_word' id='word_1_373' title='bbox 204 2039 338 2071; x_wconf 88' lang='lat' dir='ltr'><em>Eodem</em></span> <span class='ocrx_word' id='word_1_374' title='bbox 361 2041 541 2072; x_wconf 87' lang='lat' dir='ltr'><em>millesimo</em></span> <span class='ocrx_word' id='word_1_375' title='bbox 566 2041 608 2072; x_wconf 93' lang='lat' dir='ltr'><em>de</em></span> <span class='ocrx_word' id='word_1_376' title='bbox 633 2051 747 2073; x_wconf 87' lang='lat' dir='ltr'><em>mense</em></span> <span class='ocrx_word' id='word_1_377' title='bbox 771 2041 886 2072; x_wconf 88' lang='lat' dir='ltr'><em>madii.</em></span> <span class='ocrx_word' id='word_1_378' title='bbox 911 2041 1076 2072; x_wconf 87' lang='lat' dir='ltr'><em>Dominus</em></span> <span class='ocrx_word' id='word_1_379' title='bbox 1099 2040 1252 2072; x_wconf 88' lang='lat' dir='ltr'><em>marchio</em></span> <span class='ocrx_word' id='word_1_380' title='bbox 1278 2039 1387 2083; x_wconf 69' lang='lat' dir='ltr'><em>Obieo</em></span> <span class='ocrx_word' id='word_1_381' title='bbox 1412 2039 1555 2071; x_wconf 88' lang='lat' dir='ltr'><em>estensis</em></span> <span class='ocrx_word' id='word_1_382' title='bbox 1578 2039 1721 2070; x_wconf 87' lang='lat' dir='ltr'><em>recessit</em></span> <span class='ocrx_word' id='word_1_383' title='bbox 1738 2037 1780 2069; x_wconf 91' lang='lat' dir='ltr'><em>de</em></span> <span class='ocrx_word' id='word_1_384' title='bbox 1805 2036 1963 2069; x_wconf 80' lang='lat' dir='ltr'><em>Ferraria</em></span> 
     </span>
     <span class='ocr_line' id='line_1_39' title="bbox 117 2091 1963 2137; baseline -0.001 -14"><span class='ocrx_word' id='word_1_385' title='bbox 117 2098 150 2123; x_wconf 90' lang='lat' dir='ltr'><em>et</em></span> <span class='ocrx_word' id='word_1_386' title='bbox 173 2092 233 2124; x_wconf 84' lang='lat' dir='ltr'><em>ivit</em></span> <span class='ocrx_word' id='word_1_387' title='bbox 255 2093 432 2125; x_wconf 88' lang='lat' dir='ltr'><em>Mantuam</em></span> <span class='ocrx_word' id='word_1_388' title='bbox 457 2104 533 2125; x_wconf 92' lang='lat' dir='ltr'><em>cum</em></span> <span class='ocrx_word' id='word_1_389' title='bbox 557 2095 702 2126; x_wconf 79' lang='lat' dir='ltr'><em>maxima</em></span> <span class='ocrx_word' id='word_1_390' title='bbox 725 2094 914 2137; x_wconf 87' lang='lat' dir='ltr'><em>quantitate</em></span> <span class='ocrx_word' id='word_1_391' title='bbox 939 2094 1090 2136; x_wconf 88' lang='lat' dir='ltr'><em>equitum</em></span> <span class='ocrx_word' id='word_1_392' title='bbox 1115 2100 1148 2125; x_wconf 88' lang='lat' dir='ltr'><em>et</em></span> <span class='ocrx_word' id='word_1_393' title='bbox 1171 2093 1339 2135; x_wconf 77' lang='lat' dir='ltr'><em>peditum3</em></span> <span class='ocrx_word' id='word_1_394' title='bbox 1366 2099 1400 2125; x_wconf 87' lang='lat' dir='ltr'><em>et</em></span> <span class='ocrx_word' id='word_1_395' title='bbox 1414 2093 1463 2125; x_wconf 90' lang='lat' dir='ltr'><em>ibi</em></span> <span class='ocrx_word' id='word_1_396' title='bbox 1491 2092 1648 2124; x_wconf 88' lang='lat' dir='ltr'><em>dominus</em></span> <span class='ocrx_word' id='word_1_397' title='bbox 1663 2091 1862 2124; x_wconf 84' lang='lat' dir='ltr'><em>Passarinus</em></span> <span class='ocrx_word' id='word_1_398' title='bbox 1879 2099 1963 2121; x_wconf 91' lang='lat' dir='ltr'><em>con-</em></span> 
     </span>
     <span class='ocr_line' id='line_1_40' title="bbox 117 2143 1963 2189; baseline -0.001 -13"><span class='ocrx_word' id='word_1_399' title='bbox 117 2145 220 2177; x_wconf 85' lang='lat' dir='ltr'><em>cessit</em></span> <span class='ocrx_word' id='word_1_400' title='bbox 244 2146 275 2177; x_wconf 88' lang='lat' dir='ltr'><em>ei</em></span> <span class='ocrx_word' id='word_1_401' title='bbox 298 2145 497 2178; x_wconf 88' lang='lat' dir='ltr'><em>banderiam</em></span> <span class='ocrx_word' id='word_1_402' title='bbox 521 2147 630 2179; x_wconf 81' lang='lat' dir='ltr'><em>sancti</em></span> <span class='ocrx_word' id='word_1_403' title='bbox 654 2148 793 2189; x_wconf 86' lang='lat' dir='ltr'><em>Imperii</em></span> <span class='ocrx_word' id='word_1_404' title='bbox 815 2147 852 2179; x_wconf 91' lang='lat' dir='ltr'><em>in</em></span> <span class='ocrx_word' id='word_1_405' title='bbox 877 2147 948 2179; x_wconf 90' lang='lat' dir='ltr'><em>eius</em></span> <span class='ocrx_word' id='word_1_406' title='bbox 974 2146 1144 2184; x_wconf 88' lang='lat' dir='ltr'><em>custodia;</em></span> <span class='ocrx_word' id='word_1_407' title='bbox 1169 2146 1298 2178; x_wconf 89' lang='lat' dir='ltr'><em>deinde</em></span> <span class='ocrx_word' id='word_1_408' title='bbox 1321 2145 1458 2177; x_wconf 89' lang='lat' dir='ltr'><em>insimul</em></span> <span class='ocrx_word' id='word_1_409' title='bbox 1489 2151 1705 2177; x_wconf 85' lang='lat' dir='ltr'><em>recesserunt</em></span> <span class='ocrx_word' id='word_1_410' title='bbox 1737 2145 1780 2177; x_wconf 92' lang='lat' dir='ltr'><em>de</em></span> <span class='ocrx_word' id='word_1_411' title='bbox 1808 2143 1963 2180; x_wconf 82' lang='lat' dir='ltr'><em>Mantua,</em></span> 
     </span>
     <span class='ocr_line' id='line_1_41' title="bbox 117 2198 1962 2243; baseline 0 -15"><span class='ocrx_word' id='word_1_412' title='bbox 117 2204 150 2229; x_wconf 88' lang='lat' dir='ltr'><em>et</em></span> <span class='ocrx_word' id='word_1_413' title='bbox 173 2198 307 2230; x_wconf 90' lang='lat' dir='ltr'><em>iverunt</em></span> <span class='ocrx_word' id='word_1_414' title='bbox 329 2199 547 2232; x_wconf 90' lang='lat' dir='ltr'><em>Cremonam&#39;</em></span> <span class='ocrx_word' id='word_1_415' title='bbox 573 2207 607 2232; x_wconf 88' lang='lat' dir='ltr'><em>et</em></span> <span class='ocrx_word' id='word_1_416' title='bbox 630 2201 718 2233; x_wconf 87' lang='lat' dir='ltr'><em>ultra</em></span> <span class='ocrx_word' id='word_1_417' title='bbox 740 2201 875 2233; x_wconf 89' lang='lat' dir='ltr'><em>Padum</em></span> <span class='ocrx_word' id='word_1_418' title='bbox 898 2201 933 2231; x_wconf 89' lang='lat' dir='ltr'><em>in</em></span> <span class='ocrx_word' id='word_1_419' title='bbox 950 2201 1098 2243; x_wconf 91' lang='lat' dir='ltr'><em>quodam</em></span> <span class='ocrx_word' id='word_1_420' title='bbox 1116 2210 1253 2231; x_wconf 88' lang='lat' dir='ltr'><em>nemore</em></span> <span class='ocrx_word' id='word_1_421' title='bbox 1271 2200 1492 2231; x_wconf 86' lang='lat' dir='ltr'><em>firmaverunt</em></span> <span class='ocrx_word' id='word_1_422' title='bbox 1509 2199 1704 2236; x_wconf 79' lang='lat' dir='ltr'><em>exercitum,</em></span> <span class='ocrx_word' id='word_1_423' title='bbox 1721 2198 1780 2230; x_wconf 92' lang='lat' dir='ltr'><em>ubi</em></span> <span class='ocrx_word' id='word_1_424' title='bbox 1796 2201 1962 2229; x_wconf 86' lang='lat' dir='ltr'><em>steterunt</em></span> 
     </span>
     <span class='ocr_line' id='line_1_42' title="bbox 116 2250 1962 2296; baseline -0.001 -15"><span class='ocrx_word' id='word_1_425' title='bbox 116 2251 270 2292; x_wconf 83' lang='lat' dir='ltr'><em>pluribus</em></span> <span class='ocrx_word' id='word_1_426' title='bbox 294 2251 432 2290; x_wconf 83' lang='lat' dir='ltr'><em>diebus3</em></span> <span class='ocrx_word' id='word_1_427' title='bbox 458 2259 492 2285; x_wconf 89' lang='lat' dir='ltr'><em>et</em></span> <span class='ocrx_word' id='word_1_428' title='bbox 516 2264 593 2285; x_wconf 89' lang='lat' dir='ltr'><em>cum</em></span> <span class='ocrx_word' id='word_1_429' title='bbox 617 2253 668 2285; x_wconf 87' lang='lat' dir='ltr'><em>eis</em></span> <span class='ocrx_word' id='word_1_430' title='bbox 693 2255 850 2286; x_wconf 89' lang='lat' dir='ltr'><em>dominus</em></span> <span class='ocrx_word' id='word_1_431' title='bbox 874 2255 972 2296; x_wconf 74' lang='lat' dir='ltr'><em>Aeco</em></span> <span class='ocrx_word' id='word_1_432' title='bbox 996 2253 1203 2285; x_wconf 86' lang='lat' dir='ltr'><em>Vicecomes</em></span> <span class='ocrx_word' id='word_1_433' title='bbox 1220 2251 1411 2285; x_wconf 85' lang='lat' dir='ltr'><em>Mediolani</em></span> <span class='ocrx_word' id='word_1_434' title='bbox 1437 2258 1471 2284; x_wconf 86' lang='lat' dir='ltr'><em>et</em></span> <span class='ocrx_word' id='word_1_435' title='bbox 1495 2252 1652 2284; x_wconf 85' lang='lat' dir='ltr'><em>dominus</em></span> <span class='ocrx_word' id='word_1_436' title='bbox 1675 2257 1709 2283; x_wconf 86' lang='lat' dir='ltr'><em>et</em></span> <span class='ocrx_word' id='word_1_437' title='bbox 1736 2250 1840 2282; x_wconf 91' lang='lat' dir='ltr'><em>nichil</em></span> <span class='ocrx_word' id='word_1_438' title='bbox 1858 2250 1962 2291; x_wconf 81' lang='lat' dir='ltr'><em>profi-</em></span> 
     </span>
     <span class='ocr_line' id='line_1_43' title="bbox 117 2302 1964 2346; baseline 0.001 -13"><span class='ocrx_word' id='word_1_439' title='bbox 117 2303 249 2335; x_wconf 87' lang='lat' dir='ltr'><em>cientes</em></span> <span class='ocrx_word' id='word_1_440' title='bbox 271 2303 330 2342; x_wconf 84' lang='lat' dir='ltr'><em>ibi,</em></span> <span class='ocrx_word' id='word_1_441' title='bbox 355 2312 570 2337; x_wconf 86' lang='lat' dir='ltr'><em>recesserunt</em></span> <span class='ocrx_word' id='word_1_442' title='bbox 592 2306 684 2345; x_wconf 92' lang='lat' dir='ltr'><em>inde,</em></span> <span class='ocrx_word' id='word_1_443' title='bbox 710 2313 743 2338; x_wconf 91' lang='lat' dir='ltr'><em>et</em></span> <span class='ocrx_word' id='word_1_444' title='bbox 766 2307 903 2339; x_wconf 84' lang='lat' dir='ltr'><em>iverunt</em></span> <span class='ocrx_word' id='word_1_445' title='bbox 926 2305 1132 2338; x_wconf 86' lang='lat' dir='ltr'><em>Vidaianam</em></span> <span class='ocrx_word' id='word_1_446' title='bbox 1156 2306 1191 2336; x_wconf 89' lang='lat' dir='ltr'><em>in</em></span> <span class='ocrx_word' id='word_1_447' title='bbox 1216 2305 1371 2336; x_wconf 87' lang='lat' dir='ltr'><em>districtu</em></span> <span class='ocrx_word' id='word_1_448' title='bbox 1394 2305 1575 2342; x_wconf 86' lang='lat' dir='ltr'><em>Cremone,</em></span> <span class='ocrx_word' id='word_1_449' title='bbox 1601 2315 1678 2336; x_wconf 90' lang='lat' dir='ltr'><em>cum</em></span> <span class='ocrx_word' id='word_1_450' title='bbox 1695 2303 1806 2346; x_wconf 89' lang='lat' dir='ltr'><em>gactis</em></span> <span class='ocrx_word' id='word_1_451' title='bbox 1831 2309 1864 2335; x_wconf 91' lang='lat' dir='ltr'><em>et</em></span> <span class='ocrx_word' id='word_1_452' title='bbox 1887 2302 1964 2334; x_wconf 87' lang='lat' dir='ltr'><em>aliis</em></span> 
     </span>
     <span class='ocr_line' id='line_1_44' title="bbox 117 2356 1962 2402; baseline 0 -15"><span class='ocrx_word' id='word_1_453' title='bbox 117 2356 288 2395; x_wconf 83' lang='lat' dir='ltr'><em>hedifitiis‚</em></span> <span class='ocrx_word' id='word_1_454' title='bbox 313 2364 346 2389; x_wconf 91' lang='lat' dir='ltr'><em>et</em></span> <span class='ocrx_word' id='word_1_455' title='bbox 369 2358 520 2390; x_wconf 86' lang='lat' dir='ltr'><em>similiter</em></span> <span class='ocrx_word' id='word_1_456' title='bbox 543 2359 651 2392; x_wconf 90' lang='lat' dir='ltr'><em>nichil</em></span> <span class='ocrx_word' id='word_1_457' title='bbox 674 2360 834 2392; x_wconf 75' lang='lat' dir='ltr'><em>fecerunt</em></span> <span class='ocrx_word' id='word_1_458' title='bbox 842 2372 850 2397; x_wconf 84' lang='lat'><em>3</em></span> <span class='ocrx_word' id='word_1_459' title='bbox 876 2370 982 2402; x_wconf 85' lang='lat' dir='ltr'><em>quare</em></span> <span class='ocrx_word' id='word_1_460' title='bbox 1007 2369 1125 2391; x_wconf 88' lang='lat' dir='ltr'><em>omnes</em></span> <span class='ocrx_word' id='word_1_461' title='bbox 1147 2358 1290 2391; x_wconf 80' lang='lat' dir='ltr'><em>remeati</em></span> <span class='ocrx_word' id='word_1_462' title='bbox 1315 2364 1393 2390; x_wconf 85' lang='lat' dir='ltr'><em>sunt</em></span> <span class='ocrx_word' id='word_1_463' title='bbox 1416 2359 1461 2390; x_wconf 90' lang='lat' dir='ltr'><em>ad</em></span> <span class='ocrx_word' id='word_1_464' title='bbox 1484 2358 1625 2400; x_wconf 91' lang='lat' dir='ltr'><em>propria</em></span> <span class='ocrx_word' id='word_1_465' title='bbox 1648 2358 1683 2389; x_wconf 89' lang='lat' dir='ltr'><em>in</em></span> <span class='ocrx_word' id='word_1_466' title='bbox 1707 2357 1862 2398; x_wconf 85' lang='lat' dir='ltr'><em>partibus</em></span> <span class='ocrx_word' id='word_1_467' title='bbox 1884 2356 1962 2388; x_wconf 87' lang='lat' dir='ltr'><em>suis.</em></span> 
     </span>
    </p>

    <p class='ocr_par' dir='ltr' id='par_1_16' title="bbox 116 2406 1963 2503">
     <span class='ocr_line' id='line_1_45' title="bbox 205 2406 1963 2454; baseline 0.001 -16"><span class='ocrx_word' id='word_1_468' title='bbox 205 2406 337 2438; x_wconf 89' lang='lat' dir='ltr'><em>Eodem</em></span> <span class='ocrx_word' id='word_1_469' title='bbox 361 2409 540 2441; x_wconf 87' lang='lat' dir='ltr'><em>millesimo</em></span> <span class='ocrx_word' id='word_1_470' title='bbox 565 2410 608 2441; x_wconf 91' lang='lat' dir='ltr'><em>de</em></span> <span class='ocrx_word' id='word_1_471' title='bbox 633 2420 749 2442; x_wconf 87' lang='lat' dir='ltr'><em>mense</em></span> <span class='ocrx_word' id='word_1_472' title='bbox 771 2410 870 2454; x_wconf 83' lang='lat' dir='ltr'><em>junii.</em></span> <span class='ocrx_word' id='word_1_473' title='bbox 894 2410 1052 2442; x_wconf 88' lang='lat' dir='ltr'><em>Marchio</em></span> <span class='ocrx_word' id='word_1_474' title='bbox 1077 2408 1359 2441; x_wconf 88' lang='lat' dir='ltr'><em>Aldrovandinus</em></span> <span class='ocrx_word' id='word_1_475' title='bbox 1377 2408 1459 2440; x_wconf 89' lang='lat' dir='ltr'><em>obiit</em></span> <span class='ocrx_word' id='word_1_476' title='bbox 1474 2408 1510 2440; x_wconf 91' lang='lat' dir='ltr'><em>in</em></span> <span class='ocrx_word' id='word_1_477' title='bbox 1535 2408 1671 2440; x_wconf 88' lang='lat' dir='ltr'><em>civitate</em></span> <span class='ocrx_word' id='word_1_478' title='bbox 1694 2408 1862 2445; x_wconf 89' lang='lat' dir='ltr'><em>Bononie,</em></span> <span class='ocrx_word' id='word_1_479' title='bbox 1889 2419 1963 2440; x_wconf 91' lang='lat' dir='ltr'><em>cor-</em></span> 
     </span>
     <span class='ocr_line' id='line_1_46' title="bbox 116 2460 1671 2503; baseline 0.001 -13"><span class='ocrx_word' id='word_1_480' title='bbox 116 2470 179 2501; x_wconf 89' lang='lat' dir='ltr'><em>pus</em></span> <span class='ocrx_word' id='word_1_481' title='bbox 204 2461 300 2491; x_wconf 87' lang='lat' dir='ltr'><em>cuius</em></span> <span class='ocrx_word' id='word_1_482' title='bbox 324 2461 532 2492; x_wconf 89' lang='lat' dir='ltr'><em>conductum</em></span> <span class='ocrx_word' id='word_1_483' title='bbox 555 2462 619 2494; x_wconf 75' lang='lat' dir='ltr'><em>fuit</em></span> <span class='ocrx_word' id='word_1_484' title='bbox 642 2461 838 2494; x_wconf 87' lang='lat' dir='ltr'><em>Ferrariam</em></span> <span class='ocrx_word' id='word_1_485' title='bbox 862 2468 895 2494; x_wconf 89' lang='lat' dir='ltr'><em>et</em></span> <span class='ocrx_word' id='word_1_486' title='bbox 918 2463 1088 2503; x_wconf 85' lang='lat' dir='ltr'><em>sepultum</em></span> <span class='ocrx_word' id='word_1_487' title='bbox 1112 2462 1156 2493; x_wconf 88' lang='lat' dir='ltr'><em>ad</em></span> <span class='ocrx_word' id='word_1_488' title='bbox 1180 2461 1293 2493; x_wconf 89' lang='lat' dir='ltr'><em>locum</em></span> <span class='ocrx_word' id='word_1_489' title='bbox 1317 2461 1461 2492; x_wconf 77' lang='lat' dir='ltr'><em>fratrum</em></span> <span class='ocrx_word' id='word_1_490' title='bbox 1484 2460 1671 2492; x_wconf 85' lang='lat' dir='ltr'><em>Minorum.</em></span> 
     </span>
    </p>

    <p class='ocr_par' dir='ltr' id='par_1_17' title="bbox 206 2511 1964 2556">
     <span class='ocr_line' id='line_1_47' title="bbox 206 2511 1964 2556; baseline 0.002 -13"><span class='ocrx_word' id='word_1_491' title='bbox 206 2511 338 2544; x_wconf 88' lang='lat' dir='ltr'><em>Eodem</em></span> <span class='ocrx_word' id='word_1_492' title='bbox 362 2513 540 2545; x_wconf 84' lang='lat' dir='ltr'><em>millesimo</em></span> <span class='ocrx_word' id='word_1_493' title='bbox 565 2520 599 2545; x_wconf 91' lang='lat' dir='ltr'><em>et</em></span> <span class='ocrx_word' id='word_1_494' title='bbox 622 2525 738 2546; x_wconf 85' lang='lat' dir='ltr'><em>mense</em></span> <span class='ocrx_word' id='word_1_495' title='bbox 753 2514 773 2546; x_wconf 75' lang='lat'><em>⁵.</em></span> <span class='ocrx_word' id='word_1_496' title='bbox 799 2515 928 2547; x_wconf 86' lang='lat' dir='ltr'><em>Gentes</em></span> <span class='ocrx_word' id='word_1_497' title='bbox 951 2514 1121 2552; x_wconf 89' lang='lat' dir='ltr'><em>Ecclesie‚</em></span> <span class='ocrx_word' id='word_1_498' title='bbox 1147 2524 1212 2556; x_wconf 87' lang='lat' dir='ltr'><em>que</em></span> <span class='ocrx_word' id='word_1_499' title='bbox 1238 2520 1334 2545; x_wconf 89' lang='lat' dir='ltr'><em>erant</em></span> <span class='ocrx_word' id='word_1_500' title='bbox 1350 2513 1384 2544; x_wconf 89' lang='lat' dir='ltr'><em>in</em></span> <span class='ocrx_word' id='word_1_501' title='bbox 1400 2513 1566 2550; x_wconf 89' lang='lat' dir='ltr'><em>Bononia,</em></span> <span class='ocrx_word' id='word_1_502' title='bbox 1583 2513 1718 2545; x_wconf 90' lang='lat' dir='ltr'><em>iverunt</em></span> <span class='ocrx_word' id='word_1_503' title='bbox 1733 2513 1769 2544; x_wconf 92' lang='lat' dir='ltr'><em>in</em></span> <span class='ocrx_word' id='word_1_504' title='bbox 1787 2513 1903 2556; x_wconf 86' lang='lat' dir='ltr'><em>burgis</em></span> <span class='ocrx_word' id='word_1_505' title='bbox 1917 2515 1964 2546; x_wconf 88' lang='lat' dir='ltr'><em>ci-</em></span> 
     </span>
    </p>
   </div>
   <div class='ocr_carea' id='block_1_13' title="bbox 120 2625 1965 2744">
    <p class='ocr_par' dir='ltr' id='par_1_18' title="bbox 120 2625 1965 2744">
     <span class='ocr_line' id='line_1_48' title="bbox 211 2625 1962 2659; baseline -0.002 -5"><span class='ocrx_word' id='word_1_506' title='bbox 211 2636 251 2654; x_wconf 88' lang='lat'><em>11.</em></span> <span class='ocrx_word' id='word_1_507' title='bbox 271 2625 472 2656; x_wconf 83' lang='lat' dir='ltr'><em>Bononienses]</em></span> <span class='ocrx_word' id='word_1_508' title='bbox 494 2627 653 2651; x_wconf 83' lang='lat' dir='ltr'><em>Bononiam</em></span> <span class='ocrx_word' id='word_1_509' title='bbox 673 2627 752 2651; x_wconf 66' lang='lat' dir='ltr'><em>Mun.</em></span> <span class='ocrx_word' id='word_1_510' title='bbox 771 2640 803 2644; x_wconf 90' lang='lat'>—</span> <span class='ocrx_word' id='word_1_511' title='bbox 826 2634 866 2659; x_wconf 83' lang='lat'><em>13.</em></span> <span class='ocrx_word' id='word_1_512' title='bbox 886 2627 919 2651; x_wconf 87' lang='lat' dir='ltr'><em>de</em></span> <span class='ocrx_word' id='word_1_513' title='bbox 935 2627 1026 2658; x_wconf 81' lang='lat' dir='ltr'><em>prima</em></span> <span class='ocrx_word' id='word_1_514' title='bbox 1047 2628 1077 2650; x_wconf 82' lang='lat' dir='ltr'><em>di</em></span> <span class='ocrx_word' id='word_1_515' title='bbox 1097 2627 1280 2658; x_wconf 81' lang='lat' dir='ltr'><em>Rangonibus</em></span> <span class='ocrx_word' id='word_1_516' title='bbox 1300 2635 1391 2651; x_wconf 79' lang='lat' dir='ltr'><em>manca</em></span> <span class='ocrx_word' id='word_1_517' title='bbox 1409 2630 1438 2651; x_wconf 82' lang='lat' dir='ltr'><em>in</em></span> <span class='ocrx_word' id='word_1_518' title='bbox 1457 2630 1482 2653; x_wconf 83' lang='lat' dir='ltr'><em>A</em></span> <span class='ocrx_word' id='word_1_519' title='bbox 1502 2641 1533 2644; x_wconf 98' lang='lat'><strong>—</strong></span> <span class='ocrx_word' id='word_1_520' title='bbox 1557 2627 1597 2652; x_wconf 87' lang='lat'><em>16.</em></span> <span class='ocrx_word' id='word_1_521' title='bbox 1616 2626 1786 2657; x_wconf 80' lang='lat' dir='ltr'><em>carceribus]</em></span> <span class='ocrx_word' id='word_1_522' title='bbox 1811 2627 1920 2651; x_wconf 83' lang='lat' dir='ltr'><em>ceribus</em></span> <span class='ocrx_word' id='word_1_523' title='bbox 1938 2627 1962 2650; x_wconf 84' lang='grc' dir='ltr'><em>Α</em></span> 
     </span>
     <span class='ocr_line' id='line_1_49' title="bbox 120 2667 1965 2701; baseline -0.002 -6"><span class='ocrx_word' id='word_1_524' title='bbox 120 2685 152 2688; x_wconf 92' lang='grc'><strong>-</strong></span> <span class='ocrx_word' id='word_1_525' title='bbox 174 2678 218 2695; x_wconf 82' lang='lat'><em>20.</em></span> <span class='ocrx_word' id='word_1_526' title='bbox 237 2667 364 2699; x_wconf 74' lang='lat' dir='ltr'><em>fuerunt]</em></span> <span class='ocrx_word' id='word_1_527' title='bbox 383 2668 510 2692; x_wconf 73' lang='lat' dir='ltr'><em>fecerunt</em></span> <span class='ocrx_word' id='word_1_528' title='bbox 530 2669 553 2692; x_wconf 80' lang='lat' dir='ltr'><em>A</em></span> <span class='ocrx_word' id='word_1_529' title='bbox 574 2682 605 2686; x_wconf 76' lang='lat'>—</span> <span class='ocrx_word' id='word_1_530' title='bbox 625 2675 668 2692; x_wconf 80' lang='lat'><em>22.</em></span> <span class='ocrx_word' id='word_1_531' title='bbox 687 2669 793 2694; x_wconf 88' lang='lat' dir='ltr'><em>Eodem</em></span> <span class='ocrx_word' id='word_1_532' title='bbox 819 2669 970 2693; x_wconf 76' lang='lat' dir='ltr'><em>millesimo</em></span> <span class='ocrx_word' id='word_1_533' title='bbox 996 2670 1024 2693; x_wconf 85' lang='lat' dir='ltr'><em>et</em></span> <span class='ocrx_word' id='word_1_534' title='bbox 1043 2669 1149 2701; x_wconf 84' lang='lat' dir='ltr'><em>mense]</em></span> <span class='ocrx_word' id='word_1_535' title='bbox 1169 2669 1212 2692; x_wconf 89' lang='lat' dir='ltr'><em>De</em></span> <span class='ocrx_word' id='word_1_536' title='bbox 1231 2676 1324 2694; x_wconf 80' lang='lat' dir='ltr'><em>mense</em></span> <span class='ocrx_word' id='word_1_537' title='bbox 1347 2671 1426 2695; x_wconf 71' lang='lat' dir='ltr'><em>Mun.</em></span> <span class='ocrx_word' id='word_1_538' title='bbox 1445 2685 1478 2689; x_wconf 89' lang='lat'><strong>—</strong></span> <span class='ocrx_word' id='word_1_539' title='bbox 1499 2671 1539 2701; x_wconf 81' lang='lat'><em>38.</em></span> <span class='ocrx_word' id='word_1_540' title='bbox 1561 2670 1604 2694; x_wconf 80' lang='lat' dir='ltr'><em>nel</em></span> <span class='ocrx_word' id='word_1_541' title='bbox 1621 2670 1741 2701; x_wconf 73' lang='lat' dir='ltr'><em>margine</em></span> <span class='ocrx_word' id='word_1_542' title='bbox 1761 2670 1790 2692; x_wconf 84' lang='lat' dir='ltr'><em>di</em></span> <span class='ocrx_word' id='word_1_543' title='bbox 1807 2670 1917 2693; x_wconf 82' lang='lat' dir='ltr'><em>sinistra</em></span> <span class='ocrx_word' id='word_1_544' title='bbox 1935 2670 1965 2692; x_wconf 79' lang='lat' dir='ltr'><em>in</em></span> 
     </span>
     <span class='ocr_line' id='line_1_50' title="bbox 122 2709 1872 2744; baseline -0.001 -9"><span class='ocrx_word' id='word_1_545' title='bbox 122 2713 162 2735; x_wconf 77' lang='lat' dir='ltr'><em>A:</em></span> <span class='ocrx_word' id='word_1_546' title='bbox 183 2719 258 2736; x_wconf 88' lang='lat' dir='ltr'><em>mors</em></span> <span class='ocrx_word' id='word_1_547' title='bbox 277 2710 302 2735; x_wconf 91' lang='lat' dir='ltr'><em>d.</em></span> <span class='ocrx_word' id='word_1_548' title='bbox 323 2709 530 2734; x_wconf 77' lang='lat' dir='ltr'><em>AJdrovandini</em></span> <span class='ocrx_word' id='word_1_549' title='bbox 555 2711 727 2735; x_wconf 84' lang='lat' dir='ltr'><em>marchionis</em></span> <span class='ocrx_word' id='word_1_550' title='bbox 752 2711 869 2735; x_wconf 84' lang='lat' dir='ltr'><em>estensis</em></span> <span class='ocrx_word' id='word_1_551' title='bbox 889 2712 978 2744; x_wconf 80' lang='lat' dir='ltr'><em>patris</em></span> <span class='ocrx_word' id='word_1_552' title='bbox 999 2710 1147 2740; x_wconf 79' lang='lat' dir='ltr'><em>Obizonis3</em></span> <span class='ocrx_word' id='word_1_553' title='bbox 1168 2712 1190 2734; x_wconf 77' lang='lat' dir='ltr'><em>le</em></span> <span class='ocrx_word' id='word_1_554' title='bbox 1205 2712 1297 2742; x_wconf 78' lang='lat' dir='ltr'><em>parole</em></span> <span class='ocrx_word' id='word_1_555' title='bbox 1316 2713 1406 2743; x_wconf 88' lang='lat' dir='ltr'><em>patris</em></span> <span class='ocrx_word' id='word_1_556' title='bbox 1426 2712 1565 2736; x_wconf 80' lang='lat' dir='ltr'><em>obizonis</em></span> <span class='ocrx_word' id='word_1_557' title='bbox 1582 2719 1642 2735; x_wconf 83' lang='lat' dir='ltr'><em>sono</em></span> <span class='ocrx_word' id='word_1_558' title='bbox 1661 2712 1691 2734; x_wconf 76' lang='lat' dir='ltr'><em>di</em></span> <span class='ocrx_word' id='word_1_559' title='bbox 1707 2711 1778 2734; x_wconf 80' lang='lat' dir='ltr'><em>altra</em></span> <span class='ocrx_word' id='word_1_560' title='bbox 1797 2719 1872 2734; x_wconf 85' lang='lat' dir='ltr'><em>mano</em></span> 
     </span>
    </p>
   </div>
   <div class='ocr_carea' id='block_1_14' title="bbox 118 2798 1963 2957">
    <p class='ocr_par' dir='ltr' id='par_1_19' title="bbox 118 2798 1963 2957">
     <span class='ocr_line' id='line_1_51' title="bbox 208 2798 1963 2831; baseline -0.001 -8"><span class='ocrx_word' id='word_1_561' title='bbox 208 2798 215 2814; x_wconf 84' lang='lat'>¹</span> <span class='ocrx_word' id='word_1_562' title='bbox 235 2800 288 2823; x_wconf 81' lang='lat' dir='ltr'><em>Era</em></span> <span class='ocrx_word' id='word_1_563' title='bbox 309 2800 328 2823; x_wconf 85' lang='lat' dir='ltr'><em>il</em></span> <span class='ocrx_word' id='word_1_564' title='bbox 347 2799 526 2823; x_wconf 86' lang='lat' dir='ltr'><em>condottiero</em></span> <span class='ocrx_word' id='word_1_565' title='bbox 546 2799 726 2824; x_wconf 80' lang='lat' dir='ltr'><em>dell&#39;esercito</em></span> <span class='ocrx_word' id='word_1_566' title='bbox 746 2800 904 2831; x_wconf 87' lang='lat' dir='ltr'><em>bolognese.</em></span> <span class='ocrx_word' id='word_1_567' title='bbox 1064 2801 1132 2830; x_wconf 77' lang='lat' dir='ltr'><em>pita.</em></span> <span class='ocrx_word' id='word_1_568' title='bbox 1156 2799 1270 2824; x_wconf 76' lang='lat' dir='ltr'><em>cronaca</em></span> <span class='ocrx_word' id='word_1_569' title='bbox 1284 2802 1314 2824; x_wconf 80' lang='lat' dir='ltr'><em>di</em></span> <span class='ocrx_word' id='word_1_570' title='bbox 1325 2801 1437 2824; x_wconf 68' lang='lat' dir='ltr'><em>Alodena</em></span> <span class='ocrx_word' id='word_1_571' title='bbox 1451 2801 1523 2824; x_wconf 78' lang='lat' dir='ltr'><em>dalla</em></span> <span class='ocrx_word' id='word_1_572' title='bbox 1536 2800 1750 2830; x_wconf 73' lang='lat' dir='ltr'><em>suafondoziane</em></span> <span class='ocrx_word' id='word_1_573' title='bbox 1763 2801 1883 2823; x_wconf 80' lang='lat' dir='ltr'><em>all&#39;anno</em></span> <span class='ocrx_word' id='word_1_574' title='bbox 1897 2800 1963 2828; x_wconf 76' lang='lat'><em>1545</em></span> 
     </span>
     <span class='ocr_line' id='line_1_52' title="bbox 204 2839 1797 2874; baseline 0.002 -10"><span class='ocrx_word' id='word_1_575' title='bbox 204 2839 216 2856; x_wconf 78' lang='lat'><strong>²</strong></span> <span class='ocrx_word' id='word_1_576' title='bbox 234 2841 373 2873; x_wconf 84' lang='lat' dir='ltr'><em>Battaglia</em></span> <span class='ocrx_word' id='word_1_577' title='bbox 390 2841 418 2864; x_wconf 92' lang='lat' dir='ltr'><em>di</em></span> <span class='ocrx_word' id='word_1_578' title='bbox 437 2842 596 2873; x_wconf 78' lang='lat' dir='ltr'><em>Zappolino</em></span> <span class='ocrx_word' id='word_1_579' title='bbox 624 2840 668 2872; x_wconf 81' lang='lat'><em>(15</em></span> <span class='ocrx_word' id='word_1_580' title='bbox 692 2841 862 2872; x_wconf 77' lang='lat' dir='ltr'><em>novembre).</em></span> <span class='ocrx_word' id='word_1_581' title='bbox 887 2842 1014 2866; x_wconf 87' lang='lat' dir='ltr'><em>Secondo</em></span> <span class='ocrx_word' id='word_1_582' title='bbox 1069 2841 1156 2872; x_wconf 82' lang='lat' dir='ltr'><em>(edita</em></span> <span class='ocrx_word' id='word_1_583' title='bbox 1175 2843 1209 2866; x_wconf 82' lang='lat' dir='ltr'><em>da</em></span> <span class='ocrx_word' id='word_1_584' title='bbox 1229 2842 1261 2867; x_wconf 92' lang='lat' dir='ltr'><em>C.</em></span> <span class='ocrx_word' id='word_1_585' title='bbox 1282 2842 1444 2874; x_wconf 67' lang='lat' dir='ltr'><em>Boschetti).</em></span> <span class='ocrx_word' id='word_1_586' title='bbox 1464 2843 1590 2871; x_wconf 79' lang='lat' dir='ltr'><em>Modena,</em></span> <span class='ocrx_word' id='word_1_587' title='bbox 1612 2842 1688 2874; x_wconf 75' lang='lat'><em>1869,</em></span> <span class='ocrx_word' id='word_1_588' title='bbox 1707 2850 1734 2874; x_wconf 90' lang='lat' dir='ltr'><em>p.</em></span> <span class='ocrx_word' id='word_1_589' title='bbox 1756 2842 1797 2867; x_wconf 86' lang='lat'><em>16.</em></span> 
     </span>
     <span class='ocr_line' id='line_1_53' title="bbox 119 2881 1898 2915; baseline 0 -8"><span class='ocrx_word' id='word_1_590' title='bbox 119 2884 144 2907; x_wconf 88' lang='lat' dir='ltr'><em>la</em></span> <span class='ocrx_word' id='word_1_591' title='bbox 162 2890 278 2906; x_wconf 79' lang='lat' dir='ltr'><em>cronaca</em></span> <span class='ocrx_word' id='word_1_592' title='bbox 299 2883 327 2906; x_wconf 82' lang='lat' dir='ltr'><em>di</em></span> <span class='ocrx_word' id='word_1_593' title='bbox 341 2882 396 2906; x_wconf 87' lang='lat' dir='ltr'><em>San</em></span> <span class='ocrx_word' id='word_1_594' title='bbox 417 2882 540 2912; x_wconf 74' lang='lat' dir='ltr'><em>Cesar-io,</em></span> <span class='ocrx_word' id='word_1_595' title='bbox 559 2882 589 2905; x_wconf 76' lang='lat' dir='ltr'><em>fu</em></span> <span class='ocrx_word' id='word_1_596' title='bbox 608 2884 636 2906; x_wconf 86' lang='lat' dir='ltr'><em>in</em></span> <span class='ocrx_word' id='word_1_597' title='bbox 657 2883 712 2907; x_wconf 85' lang='lat' dir='ltr'><em>tale</em></span> <span class='ocrx_word' id='word_1_598' title='bbox 731 2884 913 2913; x_wconf 75' lang='lat' dir='ltr'><em>circostanza‚</em></span> <span class='ocrx_word' id='word_1_599' title='bbox 935 2883 984 2907; x_wconf 87' lang='lat' dir='ltr'><em>che</em></span> <span class='ocrx_word' id='word_1_600' title='bbox 1004 2884 1015 2908; x_wconf 87' lang='lat' dir='ltr'><em>i</em></span> <span class='ocrx_word' id='word_1_601' title='bbox 1157 2881 1168 2897; x_wconf 79' lang='grc'>3</span> <span class='ocrx_word' id='word_1_602' title='bbox 1189 2884 1426 2915; x_wconf 85' lang='lat' dir='ltr'><em>Pontelagoscuro</em></span> <span class='ocrx_word' id='word_1_603' title='bbox 1446 2892 1462 2908; x_wconf 89' lang='lat' dir='ltr'><em>a</em></span> <span class='ocrx_word' id='word_1_604' title='bbox 1480 2892 1496 2915; x_wconf 79' lang='lat'>4</span> <span class='ocrx_word' id='word_1_605' title='bbox 1516 2884 1564 2908; x_wconf 86' lang='lat' dir='ltr'><em>kil.</em></span> <span class='ocrx_word' id='word_1_606' title='bbox 1584 2884 1699 2908; x_wconf 85' lang='lat' dir='ltr'><em>N-N-O.</em></span> <span class='ocrx_word' id='word_1_607' title='bbox 1719 2883 1752 2908; x_wconf 88' lang='lat' dir='ltr'><em>da</em></span> <span class='ocrx_word' id='word_1_608' title='bbox 1772 2884 1898 2908; x_wconf 82' lang='lat' dir='ltr'><em>Ferrara.</em></span> 
     </span>
     <span class='ocr_line' id='line_1_54' title="bbox 118 2923 1766 2957; baseline 0.001 -9"><span class='ocrx_word' id='word_1_609' title='bbox 118 2924 262 2948; x_wconf 76' lang='lat' dir='ltr'><em>Modenesi</em></span> <span class='ocrx_word' id='word_1_610' title='bbox 280 2925 388 2948; x_wconf 83' lang='lat' dir='ltr'><em>tolsero</em></span> <span class='ocrx_word' id='word_1_611' title='bbox 407 2925 435 2948; x_wconf 75' lang='lat' dir='ltr'><em>ai</em></span> <span class='ocrx_word' id='word_1_612' title='bbox 453 2925 603 2956; x_wconf 83' lang='lat' dir='ltr'><em>Bolognesi</em></span> <span class='ocrx_word' id='word_1_613' title='bbox 628 2925 716 2956; x_wconf 82' lang='lat' dir='ltr'><em>quella</em></span> <span class='ocrx_word' id='word_1_614' title='bbox 740 2925 857 2954; x_wconf 83' lang='lat' dir='ltr'><em>secchia,</em></span> <span class='ocrx_word' id='word_1_615' title='bbox 878 2933 937 2949; x_wconf 85' lang='lat' dir='ltr'><em>resa</em></span> <span class='ocrx_word' id='word_1_616' title='bbox 964 2926 1013 2956; x_wconf 87' lang='lat' dir='ltr'><em>poi</em></span> <span class='ocrx_word' id='word_1_617' title='bbox 1157 2923 1167 2939; x_wconf 86' lang='lat'><em>·¹</em></span> <span class='ocrx_word' id='word_1_618' title='bbox 1188 2925 1220 2950; x_wconf 84' lang='lat'><em>28</em></span> <span class='ocrx_word' id='word_1_619' title='bbox 1239 2926 1369 2957; x_wconf 84' lang='lat' dir='ltr'><em>gennaio.</em></span> <span class='ocrx_word' id='word_1_620' title='bbox 1388 2926 1447 2950; x_wconf 83' lang='lat' dir='ltr'><em>RR.</em></span> <span class='ocrx_word' id='word_1_621' title='bbox 1467 2925 1502 2950; x_wconf 82' lang='lat' dir='ltr'><em>ll.</em></span> <span class='ocrx_word' id='word_1_622' title='bbox 1523 2926 1584 2953; x_wconf 87' lang='lat' dir='ltr'><em>SS.‚</em></span> <span class='ocrx_word' id='word_1_623' title='bbox 1604 2925 1705 2955; x_wconf 79' lang='lat' dir='ltr'>XVHI,</span> <span class='ocrx_word' id='word_1_624' title='bbox 1725 2931 1766 2957; x_wconf 82' lang='lat'><em>37.</em></span> 
     </span>
    </p>
   </div>
   <div class='ocr_carea' id='block_1_15' title="bbox 119 2965 1961 2999">
    <p class='ocr_par' dir='ltr' id='par_1_20' title="bbox 119 2965 1961 2999">
     <span class='ocr_line' id='line_1_55' title="bbox 119 2965 1961 2999; baseline 0.001 -9"><span class='ocrx_word' id='word_1_625' title='bbox 119 2967 198 2991; x_wconf 77' lang='lat' dir='ltr'><em>tanto</em></span> <span class='ocrx_word' id='word_1_626' title='bbox 216 2965 322 2991; x_wconf 80' lang='lat' dir='ltr'><em>famosa</em></span> <span class='ocrx_word' id='word_1_627' title='bbox 341 2966 385 2990; x_wconf 82' lang='lat' dir='ltr'><em>dal</em></span> <span class='ocrx_word' id='word_1_628' title='bbox 406 2967 527 2991; x_wconf 83' lang='lat' dir='ltr'><em>Tassoni</em></span> <span class='ocrx_word' id='word_1_629' title='bbox 545 2967 587 2990; x_wconf 90' lang='lat' dir='ltr'><em>col</em></span> <span class='ocrx_word' id='word_1_630' title='bbox 605 2974 656 2990; x_wconf 87' lang='lat' dir='ltr'><em>suo</em></span> <span class='ocrx_word' id='word_1_631' title='bbox 675 2974 775 2999; x_wconf 87' lang='lat' dir='ltr'><em>poema</em></span> <span class='ocrx_word' id='word_1_632' title='bbox 795 2967 833 2990; x_wconf 84' lang='lat' dir='ltr'><em>La</em></span> <span class='ocrx_word' id='word_1_633' title='bbox 851 2967 950 2991; x_wconf 76' lang='lat' dir='ltr'><em>secclu&#39;a</em></span> <span class='ocrx_word' id='word_1_634' title='bbox 969 2975 1012 2991; x_wconf 88' lang='lat' dir='ltr'><em>ra·</em></span> <span class='ocrx_word' id='word_1_635' title='bbox 1158 2966 1169 2982; x_wconf 76' lang='lat'><strong>5</strong></span> <span class='ocrx_word' id='word_1_636' title='bbox 1189 2967 1301 2999; x_wconf 80' lang='lat' dir='ltr'><em>LugHO.</em></span> <span class='ocrx_word' id='word_1_637' title='bbox 1322 2966 1364 2992; x_wconf 80' lang='lat' dir='ltr'><em>Cf.</em></span> <span class='ocrx_word' id='word_1_638' title='bbox 1379 2968 1566 2998; x_wconf 61' lang='lat' dir='ltr'><em>Trmmoscm,</em></span> <span class='ocrx_word' id='word_1_639' title='bbox 1579 2968 1657 2992; x_wconf 79' lang='lat' dir='ltr'><em>Mem.</em></span> <span class='ocrx_word' id='word_1_640' title='bbox 1673 2967 1740 2992; x_wconf 87' lang='lat' dir='ltr'><em>Stor.</em></span> <span class='ocrx_word' id='word_1_641' title='bbox 1755 2967 1839 2995; x_wconf 70' lang='lat' dir='ltr'><em>Mod„</em></span> <span class='ocrx_word' id='word_1_642' title='bbox 1852 2967 1887 2997; x_wconf 77' lang='grc' dir='ltr'><em>ΙΙ,</em></span> <span class='ocrx_word' id='word_1_643' title='bbox 1903 2973 1961 2993; x_wconf 78' lang='lat'><em>222.</em></span> 
     </span>
    </p>
   </div>
   <div class='ocr_carea' id='block_1_16' title="bbox 1994 2846 2026 2863">
    <p class='ocr_par' dir='ltr' id='par_1_21' title="bbox 1994 2846 2026 2863">
     <span class='ocr_line' id='line_1_56' title="bbox 1994 2846 2026 2863; baseline -0.031 0"><span class='ocrx_word' id='word_1_644' title='bbox 1994 2846 2026 2863; x_wconf 88' lang='lat'><em>10</em></span> 
     </span>
    </p>
   </div>
   <div class='ocr_carea' id='block_1_17' title="bbox 2036 662 2121 681">
    <p class='ocr_par' dir='ltr' id='par_1_22' title="bbox 2036 662 2121 681">
     <span class='ocr_line' id='line_1_57' title="bbox 2036 662 2121 681; baseline -0.012 0"><span class='ocrx_word' id='word_1_645' title='bbox 2036 667 2054 681; x_wconf 86' lang='lat' dir='ltr'><em>c.</em></span> <span class='ocrx_word' id='word_1_646' title='bbox 2070 662 2121 681; x_wconf 69' lang='grc' dir='ltr'><em>ἒου</em></span> 
     </span>
    </p>
   </div>
  </div>
 </body>
</html>
