2297 3476
156 1750 175 1763 c.
191 1749 241 1767 547

112 2134 187 2157 Mun..
202 2133 239 2152 344

274 2788 288 2813 5

318 147 365 183 52
955 146 1268 182 CHRONICON
1296 147 1527 183 ESTENSE
1860 155 1942 189 [ΛΑ.
1963 156 2160 189 1295-1296]

399 278 531 309 Eodem
554 287 654 309 anno.
702 277 835 308 Guerra
858 276 1005 307 maxima
1028 276 1168 318 incepta
1192 282 1243 307 est
1266 276 1355 307 inter
1376 276 1553 308 dominum
1578 277 1819 310 Marchionem
1843 286 2013 311 estensem
2045 286 2079 311 et
2102 290 2161 312 co-

311 342 411 362 mune
434 330 568 367 Parme,
593 330 672 372 quia
695 329 855 361 dominus
879 329 1074 370 Episcopus
1096 329 1277 370 predictus
1301 339 1378 360 cum
1403 330 1470 360 suis
1498 330 1687 362 vocabatur
1717 342 1796 372 pars
1828 332 1955 364 domini
1987 331 2162 364 Marchio-

310 384 361 415 nis
393 384 426 414 in
450 383 583 414 Parma.
629 383 730 414 Tunc
775 382 1013 414 Bononienses
1037 382 1200 413 miserunt
1230 382 1390 413 nuncium
1422 382 1560 415 domino
1591 383 1799 422 Marchioni,
1832 386 1925 428 quod
1958 385 2008 417 eis
2037 395 2162 416 conce-

310 438 409 469 deret
431 436 610 468 transitum
640 446 703 477 per
734 441 842 467 totum
866 446 962 467 suum
987 435 1166 473 distritum‚
1199 440 1236 466 ut
1267 445 1383 466 eorum
1415 436 1667 468 ambaxiatores
1698 444 1837 478 possent
1867 448 1986 470 secure
2018 438 2161 470 transire

309 490 354 522 ad
378 489 548 522 civitatem
573 488 708 520 Parme.
756 488 870 526 Quam
903 487 1076 519 licentiam
1109 488 1281 519 concessit
1311 488 1475 526 libenter;
1503 489 1595 520 unde
1629 489 1712 521 dicti
1744 490 1996 522 ambaxiatores
2028 492 2162 522 iverunt

308 542 486 579 Mutinam,
510 541 569 573 ubi
592 546 666 572 erat
689 540 847 573 dominus
871 540 1041 577 Marchio‚
1067 546 1101 571 et
1118 550 1178 572 eos
1201 541 1334 582 recepit
1359 551 1435 572 cum
1459 551 1583 584 magno
1600 542 1741 579 honore,
1759 549 1793 574 et
1809 543 1928 584 petivit
1944 543 1987 575 ab
2004 543 2063 581 eis,
2081 543 2164 584 quid

309 594 507 637 querebant.
554 594 835 635 Responderunt,
861 593 955 635 quod
979 593 1074 624 ibant
1090 592 1249 624 Parmam
1267 605 1308 625 ex
1324 600 1422 635 parte
1441 595 1594 626 comunis
1610 594 1767 626 Bononie
1786 596 1831 627 ad
1847 596 2063 627 tractandum
2080 606 2163 627 con-

309 647 460 679 cordiam
484 647 574 678 inter
598 647 803 678 Parmenses
827 652 861 678 et
885 646 1058 677 dominum
1083 646 1297 687 Episcopum
1321 647 1525 688 predictum,
1550 647 1608 689 qui
1633 648 1792 689 expulsus
1820 649 1934 680 fuerat
1957 648 1999 681 de
2022 648 2161 680 Parma:

309 700 352 732 de
377 710 443 742 quo
468 700 621 743 gaudens
646 699 711 730 fuit
734 699 893 731 Marchio
917 699 1031 736 valde,
1048 705 1082 730 et
1098 699 1240 730 multum
1255 701 1550 732 recommendavit
1566 700 1616 732 eis
1633 700 1761 732 dictum
1778 701 1964 744 negotium.
2011 702 2056 733 Et
2070 707 2165 743 post-

309 753 447 785 modum
470 759 686 785 recesserunt
709 751 752 784 de
778 751 914 784 Mutina
938 758 972 784 et
996 752 1133 784 iverunt
1155 752 1326 791 Parmam,
1350 753 1408 784 ubi
1440 753 1524 785 dicti
1555 753 1806 785 ambaxiatores
1837 754 2031 797 ligaverunt
2058 764 2095 785 se
2127 760 2162 786 et

315 816 458 838 comune
488 806 644 837 Bononie
676 816 753 836 cum
784 810 857 837 toto
885 815 984 846 posse
1009 805 1052 836 ad
1077 805 1346 837 destructionem
1377 805 1601 838 Marchionis.
1648 806 1752 838 Unde
1783 806 1944 839 Marchio
1976 807 2163 848 predictus,

309 860 389 891 talia
413 859 596 896 audiendo,
621 858 762 890 multum
787 858 895 890 doluit
919 857 962 890 de
988 858 1112 890 fraude
1139 858 1221 890 dicti
1239 859 1397 891 comunis
1419 859 1577 891 Bononie
1601 866 1634 890 et
1659 859 1702 891 de
1726 859 2031 897 ambaxiatoribus3
2057 870 2164 902 quare

308 911 434 943 iuravit
456 911 636 943 adsumere
658 911 847 942 vindictam
855 922 864 947 3
891 916 925 942 et
948 910 1037 942 bene
1062 910 1157 949 iecit,
1182 910 1261 952 quia
1284 911 1511 943 incontinenti
1536 911 1662 943 direxit
1684 912 1831 943 nuncios
1862 912 2093 944 Romandiole
2119 910 2165 943 ad

306 964 535 1008 Maynardum
560 965 604 996 de
630 964 810 1001 Susinana,
840 964 1056 1005 Scarpettam
1085 964 1128 995 de
1153 963 1335 1003 Ordilaffis‚
1360 964 1544 1007 Uguicono
1574 965 1618 996 de
1649 965 1683 996 la
1705 965 1834 1007 Facola
1866 971 1900 997 et
1931 965 1998 997 illis
2021 965 2064 996 de
2088 965 2164 997 Ali-

310 1017 429 1055 doxiis,
453 1017 513 1060 qui
538 1024 636 1049 erant
659 1024 755 1049 extra
779 1016 952 1054 Ymolam,
977 1022 1010 1048 et
1034 1017 1191 1049 omnibus
1215 1017 1257 1048 de
1272 1017 1533 1055 Lambertaciis‚
1551 1017 1610 1059 qui
1627 1024 1723 1049 extra
1738 1018 1929 1050 Bononiam
1946 1023 2055 1057 erant,
2071 1017 2164 1060 quod

308 1081 427 1102 omnes
449 1070 568 1102 venire
593 1070 761 1102 deberent
784 1069 829 1101 ad
859 1076 985 1101 terram
1017 1070 1172 1112 Argente
1197 1070 1327 1102 domini
1352 1069 1566 1102 Marchionis
1598 1081 1675 1102 cum
1701 1080 1741 1102 eo
1766 1070 1810 1102 ad
1837 1070 2104 1112 parlamentum;
2133 1077 2167 1102 et

311 1135 428 1157 omnes
452 1124 504 1155 sic
532 1123 691 1156 fecerunt
722 1123 882 1154 libenter.
929 1123 968 1154 In
1001 1123 1096 1154 dicto
1124 1123 1336 1164 parlamento
1367 1123 1433 1154 fuit
1465 1124 1660 1155 ordinatum
1692 1124 1854 1165 accipere
1887 1129 2013 1155 terram
2030 1123 2164 1161 Ymole,

310 1188 412 1220 quam
437 1176 617 1208 obtinebat
641 1186 786 1208 comune
813 1175 980 1214 Bononie‚
1014 1182 1047 1207 et
1078 1175 1308 1208 rehedificare
1341 1181 1489 1207 castrum
1507 1176 1646 1219 Bacani,
1672 1177 1764 1219 quod
1796 1181 1870 1208 erat
1902 1176 2114 1208 destructum
2145 1187 2166 1208 a

308 1239 452 1263 comune
476 1229 651 1267 Bononie3
678 1235 711 1261 et
735 1228 884 1260 finaliter
907 1228 1032 1267 omnia,
1058 1238 1126 1271 que
1150 1228 1185 1259 in
1209 1228 1302 1260 dicto
1327 1229 1540 1270 parlamento
1565 1229 1706 1261 fuerunt
1730 1229 1901 1267 ordinata,
1929 1229 2074 1261 reducta
2089 1229 2164 1261 fue-

311 1289 390 1314 runt
414 1282 458 1314 ad
480 1283 609 1315 bonum
634 1282 747 1313 finem.

397 1336 533 1367 Eodem
558 1335 749 1367 millesimo.
784 1334 952 1367 Dominus
977 1335 1118 1378 Taynus
1142 1335 1186 1366 de
1210 1335 1416 1366 Bonacoxiis
1441 1335 1484 1366 de
1508 1334 1663 1372 Mantua,
1682 1335 1740 1376 qui
1755 1345 1819 1376 per
1833 1344 1994 1378 magnum
2019 1334 2165 1376 spatium

309 1388 471 1431 temporis
494 1393 636 1421 steterat
659 1393 868 1425 carceratuS,
881 1393 1047 1429 precepto
1073 1387 1204 1419 domini
1227 1386 1448 1420 Bardellonis
1471 1388 1543 1419 eius
1567 1387 1683 1418 fratris
1691 1399 1700 1425 3
1718 1393 1752 1419 et
1769 1387 1913 1429 ipsemet
1930 1387 2075 1419 extraxit
2089 1398 2165 1418 eum

312 1443 355 1474 de
380 1441 587 1474 carceribus

399 1495 532 1527 Eodem
555 1494 750 1534 millesimo,
774 1495 817 1526 de
842 1505 958 1526 mense
992 1493 1155 1526 octubris,
1202 1494 1328 1526 Factus
1360 1500 1410 1525 est
1437 1494 1539 1526 milex
1562 1494 1597 1525 in
1622 1500 1712 1525 terra
1735 1493 1880 1536 Rodigii
1912 1493 2070 1526 dominus
2100 1494 2164 1525 Ri-

312 1549 435 1592 cardus
449 1550 458 1566 ¹
483 1548 527 1579 de
549 1547 693 1580 Camino
716 1557 780 1590 per
802 1546 994 1589 predictum
1018 1547 1196 1579 dominum
1219 1547 1461 1579 Marchionem
1487 1553 1553 1579 etc,

399 1601 532 1634 Eodem
555 1600 747 1633 millesimo.
793 1601 937 1642 incepta
961 1607 1011 1632 est
1032 1610 1159 1644 guerra
1182 1600 1273 1632 inter
1295 1600 1426 1632 dictum
1452 1600 1627 1632 dominum
1659 1600 1893 1632 marchionem
1922 1600 2103 1642 Acconem
2133 1606 2167 1631 et

315 1665 460 1688 comune
482 1655 607 1687 Parme
631 1660 665 1687 et
689 1654 856 1686 Bononie.

1070 1730 1413 1774 MCCLXXXXVJ.

398 1804 451 1835 De
476 1814 592 1835 mense
617 1803 829 1845 septembris.
877 1803 1044 1835 Dominus
1067 1802 1195 1835 Ameus
1218 1803 1413 1834 vicecomes
1437 1801 1521 1834 obiit
1545 1802 1581 1833 in
1605 1803 1759 1834 Feraria.

401 1857 537 1889 Eodem
561 1857 740 1888 millesimo
758 1863 791 1888 et
807 1867 923 1888 mense
934 1856 956 1889 2.
1002 1856 1167 1888 Dominus
1191 1856 1312 1888 Petrus
1336 1855 1441 1894 Abas,
1459 1856 1622 1887 naturalis
1639 1856 1682 1887 de
1700 1856 1802 1887 domo
1827 1856 1965 1893 estensi,
1989 1855 2097 1900 §tilius
2121 1856 2165 1888 de

310 1910 448 1942 Turclis
471 1910 515 1942 de
538 1910 689 1947 Feraria,
709 1910 886 1952 Johannes
910 1910 954 1942 de
983 1910 1202 1942 Gondoaldis
1226 1920 1302 1941 cum
1326 1919 1452 1952 magna
1483 1909 1671 1951 quantitate
1697 1909 1841 1941 militum
1865 1915 1899 1940 et
1925 1909 2092 1951 peditum,
2124 1919 2166 1940 ac

313 1963 414 1996 etiam
436 1963 689 2007 Maghinardus
713 1964 757 1995 de
782 1963 963 2002 Susinana‚
989 1963 1170 2004 Scarpetta
1194 1963 1237 1994 de
1255 1962 1437 2000 Ordilaffis,
1454 1962 1654 2005 Uguiconus
1672 1963 1715 1994 de
1739 1963 1773 1993 la
1789 1963 1817 1994 F
1819 1962 1918 2005 acola
1942 1968 1976 1993 et
1997 1962 2166 1994 Lamber-

313 2017 393 2049 tacii
417 2016 550 2058 expulsi
574 2017 618 2048 de
642 2017 809 2055 Bononia,
843 2016 1046 2060 congregati
1078 2026 1196 2048 omnes
1228 2015 1444 2054 unanimiter,
1476 2016 1612 2047 iverunt
1643 2015 1687 2046 ad
1720 2015 1894 2047 civitatem
1918 2015 2046 2047 Ymole
2062 2024 2165 2047 causa

315 2070 475 2112 capiendi
499 2070 672 2102 civitatem
695 2081 758 2112 per
781 2070 862 2101 vim.
909 2070 1049 2108 Gentes,
1074 2079 1140 2111 que
1165 2076 1263 2101 erant
1285 2070 1321 2100 in
1345 2068 1481 2101 civitate
1506 2069 1631 2100 Ymole
1649 2078 1712 2109 pro
1731 2079 1876 2100 comune
1893 2067 2050 2100 Bononie
2074 2068 2166 2099 exie-

315 2129 394 2154 runt
409 2128 505 2155 extra
520 2122 703 2161 civitatem,
727 2128 764 2154 ut
787 2122 995 2164 impedirent
1017 2132 1060 2154 ne
1084 2122 1236 2164 predicti
1268 2122 1394 2153 flumen
1409 2120 1421 2137 ³
1445 2121 1654 2160 transirent'‚
1680 2121 1774 2163 quod
1798 2127 1849 2153 est
1877 2121 1969 2163 apud
1993 2120 2164 2152 Ymolam.

314 2176 385 2208 Sed
407 2175 466 2207 ille
489 2176 545 2207 leo
569 2175 796 2218 Mag-inardus
813 2186 876 2217 per
899 2176 969 2207 vim
993 2175 1150 2207 transivit
1173 2174 1305 2208 dictum
1327 2176 1453 2207 flumen
1479 2186 1557 2207 cum
1580 2175 1693 2206 multis
1717 2175 1813 2217 sotijs
1837 2174 1907 2206 suis
1931 2172 2104 2216 equitibus
2132 2179 2166 2205 et

313 2229 500 2271 peditibus,
525 2235 559 2262 et
582 2229 725 2261 viriliter
748 2229 910 2271 preliatus
927 2235 978 2261 est
1001 2240 1080 2262 cum
1097 2229 1158 2268 eis,
1176 2229 1287 2261 taliter
1311 2229 1405 2271 quod
1421 2229 1535 2270 posuit
1552 2238 1610 2260 eos
1627 2228 1663 2259 in
1680 2229 1808 2271 fugam.
1855 2228 1901 2259 Et
1917 2227 2054 2259 interim
2077 2227 2166 2258 mili-

313 2289 362 2315 tes
394 2288 427 2314 et
456 2282 600 2324 pedites,
633 2283 690 2325 qui
722 2288 966 2321 remanserant,
1000 2282 1126 2314 flumen
1157 2282 1378 2314 transierunt.
1424 2282 1659 2314 Bononienses
1696 2287 1863 2323 ceperunt
1895 2280 2012 2313 redire
2048 2291 2166 2312 versus

314 2335 483 2367 Ymolam.
522 2335 772 2378 Maghinardus
789 2346 866 2367 cum
884 2335 959 2379 alijs
982 2335 1051 2367 suis
1075 2335 1309 2376 sequebantur
1325 2345 1394 2373 eos,
1411 2335 1627 2367 vulnerando
1645 2340 1678 2366 et
1695 2333 1891 2366 occidendo
1908 2344 1984 2371 eos;
2008 2339 2042 2365 et
2057 2334 2166 2365 secuti

313 2395 390 2420 sunt
414 2398 472 2420 eos
495 2399 604 2431 usque
628 2389 674 2420 ad
701 2389 874 2421 civitatem
897 2388 1038 2426 Ymole3
1064 2395 1098 2420 et
1120 2399 1184 2430 per
1207 2389 1277 2419 vim
1301 2388 1428 2421 dictam
1453 2388 1628 2420 civitatem
1652 2386 1856 2425 habuerunt,
1883 2393 1917 2419 et
1939 2387 2046 2429 ipsam
2076 2385 2165 2418 obti-

314 2448 462 2474 nuerunt
491 2441 570 2473 vice
601 2447 635 2473 et
664 2442 800 2474 nomine
833 2442 1000 2474 antedicti
1032 2441 1207 2484 magnifici
1231 2441 1361 2473 domini
1386 2441 1515 2473 domini
1538 2440 1754 2473 Marchionis
1778 2440 1921 2472 estensis
1945 2445 2010 2472 etc.
2084 2434 2087 2439 ’

406 2576 430 2601 7.
442 2572 619 2595 tractandam
632 2571 658 2594 B
670 2571 746 2595 Mun.
768 2584 801 2588 —-
820 2571 844 2596 8.
865 2570 1023 2602 expulserat
1041 2571 1084 2597 B‚-
1104 2570 1237 2602 expulsus
1257 2572 1317 2595 erat
1336 2570 1413 2595 Mun.
1433 2584 1466 2588 ——
1488 2577 1529 2602 14.
1548 2571 1581 2594 de
1594 2570 1735 2595 Susinana
1753 2578 1801 2593 om.
1822 2569 2002 2601 .4‚·t0gl1·amo
2022 2569 2069 2592 dal
2086 2569 2161 2593 Mun.

315 2626 326 2630 -
338 2612 525 2645 Scarpettam]
546 2612 692 2645 Capettam
705 2613 728 2636 A
749 2626 760 2630 -
779 2613 832 2636 illo
846 2612 870 2636 Α
883 2626 916 2630 -
933 2619 973 2645 19.
992 2612 1109 2636 fuerunt
1129 2611 1272 2644 ordinata]
1292 2611 1350 2636 fuit
1367 2612 1530 2637 ordinatum
1543 2612 1568 2635 A
1582 2625 1613 2629 -
1630 2618 1720 2643 19-20.
1740 2611 1853 2635 reducta
1871 2609 1997 2642 fuerunt]
2018 2611 2164 2635 reductum

313 2655 367 2679 fuit
379 2655 403 2678 A
421 2669 454 2672 —-
474 2661 516 2679 21.
535 2655 584 2686 qui
603 2662 649 2678 om.
671 2654 748 2679 Mun.
769 2668 802 2672 —-
822 2660 864 2686 25.
884 2655 993 2679 dictum
1006 2654 1084 2679 Mun.
1100 2668 1132 2672 -—-
1148 2659 1190 2685 35.
1210 2655 1241 2678 ut
1254 2654 1427 2686 impedirent
1439 2662 1474 2678 ne
1487 2654 1607 2687 predicti
1625 2653 1719 2683 Mune,
1740 2654 1770 2677 ut
1783 2653 1906 2686 predicti
1924 2660 1959 2677 ne
1977 2653 2000 2676 A
2014 2666 2047 2670 —
2061 2658 2103 2685 39.
2122 2659 2165 2677 se-

316 2697 452 2728 quebatur
470 2697 495 2719 B
514 2696 591 2721 th.

405 2778 413 2794 ¹
436 2780 529 2813 Figlio
547 2780 577 2804 di
597 2780 753 2805 Gherardo.
1266 2780 1351 2811 beni),
1370 2788 1398 2812 p.
1420 2785 1462 2810 27,
1486 2780 1632 2803 chronicon
1651 2780 1790 2803 Parmense
1810 2779 1888 2810 (ediz.
1912 2777 2055 2809 Bonazzi),
2076 2785 2103 2810 p.
2122 2782 2165 2809 74,

405 2820 416 2837 ‘³
436 2823 477 2847 La
495 2829 576 2854 presa
595 2821 716 2847 d'Imola
735 2830 749 2847 e
767 2823 793 2847 la
813 2821 1020 2847 riedifieazione
1039 2822 1082 2846 del
1100 2822 1212 2846 castello
1267 2821 1286 2844 il
1303 2821 1447 2845 chroma-on
1466 2822 1542 2845 Petri
1564 2821 1710 2844 Cantfnclli
1729 2820 1809 2852 (ediz.
1829 2819 1972 2851 Torraca),
1991 2828 2038 2852 pp.
2054 2820 2095 2850 83,
2111 2818 2166 2851 84),

317 2864 346 2887 di
366 2864 490 2888 Bazzano
508 2871 668 2888 avvennero
693 2864 829 2888 ambedue
854 2863 902 2896 piu
924 2863 1168 2888 verosimilmente
1194 2863 1212 2887 il
1265 2863 1304 2895 gli
1323 2863 1439 2885 Annales
1457 2863 1644 2886 Forolz'vicnscs
1665 2862 1742 2893 (ediz.
1762 2861 1945 2892 Mazzafintt),
1966 2869 1993 2894 p.
2013 2866 2054 2892 52.

320 2907 345 2930 1⁰
354 2905 477 2938 d'aprile.
492 2905 535 2931 Cf.
550 2905 705 2935 GRIFFON1‚
719 2905 872 2928 Memoriale
882 2906 1038 2932 historicum
1052 2904 1133 2937 (ediz.
1147 2905 1213 2930 Sor·
1356 2902 1367 2919 3
1386 2904 1534 2929 Santerno.

2209 490 2226 522 υι

2190 754 2227 785 10

2192 1018 2228 1049 15

2189 1283 2231 1314 20

2187 1546 2229 1578 25

2189 2119 2230 2151 35

2189 2387 2231 2418 40

2196 2824 2228 2842 10
