2297 3476
318 157 365 191 48
955 157 1268 193 CHRONICON
1295 157 1525 193 ESTENSE
1857 164 1941 199 [ΑΛ.
1962 166 2158 199 1287-1288]

399 286 531 318 Eodem
554 285 743 323 millesimo,
760 285 795 316 in
812 286 901 318 festo
918 285 1066 318 omnium
1085 285 1290 318 Sanctorum
1304 287 1324 318 ¹.
1361 286 1586 328 Supradictus
1608 287 1771 329 princeps
1787 288 1875 320 filius
1891 289 2063 331 quondam
2079 299 2158 331 pre-

311 339 395 371 dicti
418 337 508 381 regis
530 337 661 376 Karoli,
687 337 744 380 qui
767 348 829 380 per
852 348 1011 380 magnum
1036 344 1170 379 tempus
1194 344 1335 371 steterat
1359 339 1392 370 in
1417 339 1613 371 carceribus
1634 340 1726 382 regis
1749 340 1961 384 Aragonum,
1986 341 2091 373 exivit
2113 342 2158 374 de

311 391 411 423 dictis
427 389 634 428 carceribus,
649 390 875 433 relinquendo
899 390 946 422 ibi
962 390 1146 422 hostaticos
1162 397 1230 422 tres
1245 401 1324 423 suos
1349 391 1436 423 filios
1449 391 1470 430 ²,
1495 397 1529 423 et
1553 392 1638 423 alios
1661 391 1819 431 barones,
1836 403 1913 425 cum
1936 398 2039 435 pacto
2064 394 2158 436 quod

310 444 340 477 si
354 454 423 486 pax
438 453 507 475 non
522 443 620 475 fieret
636 442 723 475 inter
747 453 807 475 eos
823 443 904 475 hinc
929 443 974 476 ad
997 448 1066 476 tres
1090 452 1209 482 annos,
1234 442 1328 486 quod
1351 443 1425 486 ipse
1447 450 1678 477 reverteretur
1700 445 1927 487 personaliter
1949 446 1984 477 in
2008 447 2156 479 carceri-

310 498 382 535 bus,
406 497 493 529 sicut
515 495 610 539 prius
635 502 717 528 erat.
2203 499 2220 530 5

1065 589 1376 623 MCCLXXXVH
1377 591 1408 634 J.

397 668 449 699 De
473 677 591 699 mense
615 666 730 699 madii.
776 667 921 699 Flumen
944 667 1031 699 Padi
1056 667 1163 699 crevit
1186 668 1235 699 sic
1259 667 1406 705 fortiter,
1431 668 1525 710 quod
1549 667 1585 698 in
1609 667 1723 699 multis
1742 667 1826 699 locis
1842 667 1949 711 fregit
1965 678 2102 711 argeres
2126 669 2160 700 in

310 720 464 752 districtu
481 720 648 758 Ferrarie,
667 720 801 752 scilicet
816 721 852 752 in
875 720 970 752 Villa
985 720 1116 764 Magna
1131 720 1175 753 de
1193 720 1348 753 districtu
1365 721 1534 752 Ferrarie.
1581 721 1681 752 Tunc
1699 720 1857 753 dominus
1872 720 1996 753 Petrus
2011 722 2160 754 Traver-

105 785 161 803 nm<
176 800 179 803 .
197 784 236 803 „³⁴0
311 773 418 805 sarius
441 783 518 805 cum
542 773 732 806 Francisco
757 772 839 805 filio'
863 783 935 812 suo,
960 779 995 806 et
1019 783 1096 806 cum
1121 773 1194 816 alijs
1218 774 1286 806 suis
1310 774 1389 817 filijs
1413 774 1618 806 occiderunt
1642 774 1815 806 dominum
1833 773 2067 806 Guillielmum
2089 774 2160 806 Pil-

311 827 489 864 liczonem‚
513 831 547 858 et
569 826 733 858 Iacobum
756 826 828 858 eius
852 827 967 864 filium,
992 837 1056 868 pro
1080 827 1234 859 vindicta
1260 827 1368 869 patris
1392 827 1454 859 sui.
2187 827 2225 859 10
2246 816 2250 817 ⁷

397 879 530 910 Eodem
552 878 746 917 millesimo,
772 879 815 911 de
838 889 955 911 mense
978 879 1095 911 madii.
1120 879 1285 912 Invencta
1308 880 1376 912 fuit
1399 880 1547 921 quedam
1565 890 1655 922 aqua
1671 880 1708 911 in
1732 879 1889 911 districtu
1906 879 2077 918 Ferrarie,
2095 890 2161 922 que

308 931 498 964 vocabatur
519 932 554 963 13
578 931 727 970 Gattula‚
752 937 785 964 et
808 932 921 976 gratia
947 932 1080 964 domini
1103 933 1211 964 nostri
1226 933 1309 975 Jesu
1327 931 1455 964 Christi
1471 932 1661 964 mundabat
1676 933 1840 974 leprosos,
1864 932 2080 964 illuminabat
2103 942 2161 965 ce-

312 995 381 1022 005,
391 1008 541 1017 .........
566 990 600 1017 et
622 984 659 1016 in
682 991 783 1017 nocte
808 984 915 1017 sancti
938 985 1106 1028 Johannis
1129 986 1284 1027 Baptiste
1309 985 1476 1017 numerati
1500 986 1640 1017 fuerunt
1670 985 1786 1027 plures
1809 988 1903 1017 xxxtn
1926 995 2159 1027 personarum.

399 1038 530 1070 Eodem
554 1037 732 1070 millesimo
756 1038 813 1070 die
838 1038 974 1070 veneris
998 1048 1047 1070 xv
1070 1039 1196 1070 mensis
1219 1039 1423 1071 decembris.
1470 1039 1650 1070 Venerunt
1674 1038 1870 1070 Ferrariam
1898 1038 2055 1070 dominus
2086 1039 2160 1080 epi-

308 1102 432 1134 scopus
462 1091 660 1123 mutinensis
672 1090 695 1130 ⁸,
728 1092 886 1123 dominus
917 1091 1136 1124 Lanfrancus
1167 1092 1212 1124 de
1244 1092 1484 1134 Raugonibus,
1519 1092 1674 1124 dominus
1707 1092 1822 1124 Guido
1854 1091 1897 1123 de
1921 1091 2160 1124 Guidonibus4
2188 1091 2224 1123 15

309 1145 353 1177 de
377 1145 521 1182 Mutina,
547 1151 580 1177 et
603 1144 717 1186 plures
741 1144 797 1188 alij
825 1144 919 1176 cives
942 1144 1088 1182 Mutine,
1104 1145 1140 1175 in
1157 1145 1407 1177 ambaxiatores
1424 1145 1580 1177 comunis
1604 1145 1738 1176 Mutine
1762 1150 1796 1176 et
1819 1144 2004 1187 magnifico
2029 1150 2064 1177 et
2080 1144 2159 1176 illu-

309 1199 370 1230 stri
387 1198 528 1231 domino
546 1197 686 1230 domino
704 1197 851 1240 Obiconi
868 1197 1059 1229 marchioni
1076 1197 1201 1229 estensi
1218 1203 1511 1239 prexentaverunt
1536 1197 1660 1235 claves,
1687 1203 1720 1228 et
1745 1197 2016 1229 dominationem
2041 1197 2160 1229 civita-

310 1251 353 1283 tis
375 1251 525 1289 Mutine3
550 1256 583 1283 et
599 1251 674 1293 ipse
698 1250 927 1282 incontinenti
950 1250 1081 1292 recepit
1105 1250 1218 1282 dictas
1242 1250 1368 1289 claves,
1393 1256 1427 1282 et
1451 1250 1719 1282 dominationem
1744 1250 1835 1282 dicte
1860 1250 2020 1287 civitatis,
2045 1256 2078 1282 et
2101 1249 2160 1287 ibi,

309 1304 443 1336 scilicet
458 1303 638 1343 Mutinam,
656 1303 745 1335 misit
763 1303 924 1335 comitem
941 1303 1111 1335 Cinellum
1125 1302 1136 1319 ⁵
1152 1313 1249 1334 suum
1267 1309 1453 1345 cognatum
1470 1303 1506 1334 in
1521 1303 1593 1345 ejus
1608 1303 1740 1334 vicario
1758 1313 1835 1335 cum
1853 1313 1897 1335 CL
1913 1302 2078 1335 militibus
2095 1309 2160 1335 etc.

396 1356 530 1390 Eodem
554 1357 746 1395 millesimo,
771 1362 805 1388 et
827 1367 954 1388 mense.
1001 1356 1167 1388 Dominus
1184 1356 1338 1388 marchio
1355 1356 1476 1399 Obico,
1495 1356 1574 1387 dum
1599 1362 1755 1398 surgeret
1771 1367 1791 1387 a
1806 1355 1954 1398 prandio
1970 1355 2005 1387 in
2028 1355 2157 1397 palatio
2181 1356 2224 1387 20

309 1420 381 1449 suo,
403 1411 461 1443 ubi
484 1410 581 1442 multi
606 1410 650 1442 de
673 1411 748 1454 ejus
772 1410 866 1441 curia
891 1415 999 1447 erant,
1025 1409 1091 1441 fuit
1114 1409 1312 1441 vulneratus
1335 1409 1369 1440 in
1393 1409 1486 1441 facie
1510 1420 1588 1441 cum
1619 1419 1688 1441 uno
1713 1408 1852 1441 cultello
1877 1408 2031 1440 feritorio
2055 1419 2076 1440 a
2099 1409 2161 1440 do-

309 1464 403 1496 mino
426 1464 614 1495 Lamberto
638 1463 708 1494 filio
732 1463 863 1494 domini
889 1462 1049 1494 Niccolai
1067 1462 1110 1493 de
1127 1462 1313 1505 Bacaleriis
1331 1463 1375 1494 de
1393 1461 1565 1500 Bononia;
1585 1468 1619 1494 et
1635 1462 1834 1493 immediate
1852 1461 1919 1493 hoc
1936 1461 2078 1492 relatum
2095 1461 2161 1493 fuit

307 1516 443 1560 Acconi
467 1516 659 1548 marchioni
682 1515 752 1547 filio
781 1514 866 1546 dicti
895 1515 1027 1547 domini
1051 1515 1217 1558 Obiconis
1240 1515 1460 1554 marchionis,
1486 1515 1544 1557 qui
1567 1520 1648 1546 tunc
1675 1520 1747 1546 erat
1770 1514 1814 1546 ad
1838 1514 2018 1555 prandium
2034 1513 2071 1545 in
2095 1514 2162 1546 alia

309 1570 380 1602 sala
397 1569 481 1602 dicti
497 1568 626 1611 palatij,
644 1568 725 1611 quia
742 1568 810 1599 iam
827 1568 958 1600 curiam
976 1567 1115 1599 tenebat
1131 1577 1195 1610 pro
1219 1577 1266 1599 se.
1310 1567 1545 1599 Incontinenti
1562 1567 1719 1599 dominus
1734 1566 1845 1610 Acco,
1869 1566 1953 1598 talia
1975 1566 2160 1604 audiendo,

310 1622 461 1654 cucurrit
483 1632 589 1664 usque
613 1622 658 1653 ad
683 1622 794 1653 locum
818 1621 927 1663 patris
950 1621 1016 1652 sui:
1043 1631 1110 1663 qua
1145 1621 1189 1652 de
1225 1630 1328 1652 causa
1352 1620 1531 1662 predictus
1562 1620 1718 1652 dominus
1749 1619 2009 1651 Lambertacius
2041 1625 2162 1661 captus
2185 1618 2225 1650 25

181 1692 235 1710 5111
311 1676 377 1708 fuit
400 1687 421 1707 a
443 1675 610 1717 predictis
633 1675 677 1706 de
703 1674 814 1709 curia;
841 1680 873 1705 et
897 1674 1007 1715 ipsum
1039 1672 1279 1705 incontinenti'
1311 1674 1494 1705 voluerunt
1519 1673 1692 1712 occidere,
1723 1672 1791 1704 nisi
1822 1672 1977 1713 prefatus
2007 1671 2161 1703 marchio

309 1728 419 1772 Obico
443 1728 513 1760 alta
543 1737 630 1760 voce
663 1727 825 1759 clamavit
857 1732 978 1758 contra
1008 1727 1123 1766 filium,
1156 1727 1292 1758 dicens:
1322 1725 1352 1757 O
1364 1726 1426 1769 fili
1454 1727 1634 1767 carissime,
1667 1726 1738 1757 noli
1765 1726 1877 1768 zspsum
1907 1725 2067 1766 occidere,
2096 1725 2166 1756 nisi

307 1782 408 1825 prius
430 1782 573 1813 sciamus
596 1781 636 1812 ab
660 1791 706 1821 eo,
732 1791 838 1823 quare
860 1780 909 1812 sic
923 1780 1026 1823 fecit.
1074 1780 1201 1811 Postea
1215 1779 1341 1822 facies,
1364 1780 1452 1810 sicut
1467 1779 1531 1810 tibi
1545 1779 1723 1810 videbitur.
1770 1778 1815 1809 Et
1830 1778 1978 1820 populus
2001 1777 2160 1810 Ferrarie

308 1835 460 1867 cucurrit
482 1835 527 1866 ad
550 1845 655 1873 arma,
681 1840 716 1866 et
739 1844 856 1866 omnes
880 1833 1002 1865 armati
1025 1833 1162 1865 iverunt
1184 1833 1230 1865 ad
1253 1832 1418 1874 palatium
1444 1832 1530 1865 dicti
1555 1832 1684 1863 domini
1716 1831 1925 1863 marchionis
1956 1831 2159 1863 clamantes:

309 1889 401 1921 Date
424 1888 516 1920 nobis
539 1888 741 1919 traditorem
765 1891 924 1928 nostrum,
949 1891 981 1918 et
1003 1887 1187 1919 dimz'ctatz's
1210 1886 1395 1918 vindictam
1418 1890 1568 1918 nostram
1592 1885 1683 1917 nobis
1690 1884 1816 1927 facere
1838 1885 1874 1916 in
1897 1894 1982 1916 eum.
2024 1884 2159 1916 Tamen
2185 1884 2226 1915 30

309 1942 422 1974 dictus
445 1941 603 1973 dominus
627 1940 789 1972 Marchio
813 1940 899 1972 fecit
921 1940 1033 1982 ipsum
1056 1939 1268 1977 tormentari,
1293 1945 1327 1971 et
1351 1939 1456 1971 nichil
1481 1938 1517 1970 in
1542 1948 1583 1970 eo
1607 1938 1737 1970 invenit
1761 1947 1874 1976 cause,
1896 1947 2002 1980 quare
2018 1937 2086 1969 hoc
2109 1937 2162 1968 fe-

309 1995 420 2032 cisset,
443 1994 510 2026 nisi
533 2000 678 2036 propter
700 1993 887 2025 stultitiam.
934 1993 980 2024 Et
1002 1993 1054 2025 sic
1078 1992 1233 2034 sequenti
1258 1992 1316 2023 die
1341 1992 1453 2024 dictus
1477 1992 1575 2035 Acco
1592 1991 1746 2023 marchio
1763 1990 1852 2023 fecit
1867 2001 1945 2022 eum
1969 1989 2159 2022 detrainari

309 2058 373 2090 per
395 2053 502 2079 totam
526 2047 700 2079 civitatem
725 2048 753 2079 F
755 2046 883 2078 errarie
907 2046 979 2078 sine
1004 2045 1178 2078 assidibus
1201 2046 1248 2077 ad
1272 2045 1417 2076 caudam
1442 2050 1593 2088 quatuor*
1618 2044 1807 2076 axellorum
1835 2054 1942 2086 usque
1966 2043 2011 2075 ad
2033 2043 2161 2080 furcas,

309 2107 343 2132 et
374 2100 422 2132 ibi
445 2101 512 2132 fuit
535 2110 733 2142 suspensus;
760 2105 793 2131 et
816 2098 1018 2131 domicellus
1049 2098 1120 2130 eius
1143 2098 1346 2130 interfectus
1369 2104 1420 2130 est
1442 2108 1545 2140 super
1567 2098 1717 2139 plateam
1743 2096 1930 2128 communis
1954 2095 2111 2128 Ferrarie
2141 2106 2162 2126 a

309 2154 403 2186 dicto
427 2153 568 2196 populo.
614 2153 660 2185 Et
682 2152 909 2184 incontinenti
941 2152 1053 2183 dictus
1086 2152 1245 2184 dominus
1272 2151 1433 2183 Marchio
1460 2151 1582 2183 eodem
1607 2150 1665 2183 die
1689 2149 1863 2192 separavit
1885 2159 1921 2181 se
1952 2149 1995 2181 de
2019 2149 2159 2180 civitate
2184 2147 2224 2181 35

309 2207 467 2239 Ferrarie
492 2217 570 2238 cum
594 2206 734 2238 domino
758 2206 864 2237 Tixio
889 2206 931 2237 de
955 2205 1086 2247 Campo
1111 2205 1223 2237 sancti
1247 2204 1351 2243 Petri,
1377 2204 1435 2247 qui
1458 2209 1540 2236 tunc
1556 2209 1628 2236 erat
1644 2209 1794 2245 potestas
1819 2201 1968 2234 civitatis
1991 2201 2159 2239 Ferrarie,

311 2266 345 2292 et
369 2271 447 2292 cum
469 2270 594 2302 magna
618 2260 808 2301 quantitate
833 2258 988 2301 gentium
1011 2259 1045 2289 in
1070 2257 1143 2289 eius
1168 2258 1334 2296 sotietate,
1358 2257 1460 2289 valde
1484 2257 1688 2296 honorifice,
1713 2262 1747 2288 et
1769 2255 1833 2287 ivit
1848 2265 1966 2287 versus
1982 2254 2159 2287 civitatem

388 2388 420 2412 '2.
436 2389 526 2419 prima
546 2388 576 2410 di
593 2387 682 2412 exivit
700 2388 723 2411 A
744 2394 803 2419 agg.
823 2389 850 2411 et
870 2399 902 2403 —
926 2392 966 2416 13.
986 2387 1048 2417 dopo
1067 2392 1148 2410 cecos
1167 2385 1262 2408 lacuna
1281 2387 1309 2408 in
1329 2385 1389 2408 AB
1409 2385 1485 2408 Mm.
1504 2397 1535 2400 —
1559 2384 1597 2409 18.
1618 2383 1668 2415 ibi]
1690 2383 1756 2407 illuc
1774 2382 1847 2406 λίην.
1869 2396 1880 2401 -
1901 2381 2051 2414 Cinellum]
2071 2382 2158 2406 Anel-

307 2430 365 2453 lum
383 2430 409 2453 B
427 2430 505 2454 MUR.
520 2442 553 2446 —
570 2436 610 2460 14.
625 2430 667 2452 nel
686 2430 805 2460 margine
823 2430 929 2452 sinistro
949 2429 979 2451 dz'
995 2428 1018 2451 A
1039 2427 1109 2450 della
1128 2430 1207 2450 stessa
1226 2434 1319 2450 mano:
1341 2426 1474 2450 dominus
1494 2425 1620 2450 marchio
1634 2425 1723 2459 Obice
1741 2425 1840 2449 habuit
1858 2424 2016 2449 dominium
2029 2423 2156 2448 civitatis

309 2472 418 2496 Mutine
438 2485 469 2489 —
493 2478 532 2503 19.
552 2471 696 2495 Vicarium
715 2471 791 2495 Mun.
812 2483 824 2489 -
844 2471 905 2501 dopo
931 2469 1068 2493 militibus
1094 2469 1146 2492 etc.
1167 2469 1195 2491 in
1214 2469 1238 2491 A
1258 2469 1289 2491 di
1312 2475 1387 2492 mano
1407 2467 1450 2491 del
1467 2468 1546 2492 secolo
1564 2467 1651 2491 XVII
1665 2468 1694 2490 in
1719 2467 1812 2491 matita
1825 2475 1894 2491 rossa
1920 2467 2030 2499 leggesi:
2051 2467 2158 2492 factum

308 2514 486 2538 memorabile
507 2527 537 2531 —-
559 2520 601 2545 31.
620 2520 731 2538 causam
750 2513 773 2536 A
796 2526 827 2530 ——-
847 2518 889 2544 34.
908 2512 1000 2545 platea
1020 2512 1097 2537 Μυκ-

269 2593 282 2619 5
400 2586 408 2603 ¹
430 2590 505 2614 1288.
1260 2588 1394 2611 semestre
1412 2585 1552 2610 dell’anno
1574 2586 1641 2617 1289
1661 2592 1699 2609 un
1722 2585 1808 2608 Comes
1829 2585 1949 2609 Zenellus
1967 2587 2016 2610 che
2030 2586 2078 2610 noi
2091 2585 2159 2610 sulla

400 2628 411 2644 ²
430 2630 523 2662 Luigi,
543 2631 666 2655 Roberto
686 2638 699 2654 e
713 2629 1071 2660 RaImondo-Berengario.
1091 2628 1136 2653 Cf.
1150 2629 1206 2653 LU-
1261 2631 1353 2654 scorta
1371 2629 1400 2653 di
1420 2628 1581 2652 documenti
1599 2627 1703 2652 inediti
1722 2627 1884 2658 (Aletum-lali
1902 2627 2092 2651 dell’Archim‘o
2104 2628 2159 2651 Να-
2190 2631 2219 2657 15

312 2678 373 2702 NIG,
397 2672 455 2696 Cod.
475 2673 536 2696 Ital.
555 2673 642 2704 Dipl..
663 2672 698 2702 11,
721 2673 797 2703 1038.
1261 2671 1339 2695 tarz‘le
1358 2672 1388 2694 di
1404 2671 1528 2697 Modena,
1548 2670 1618 2694 anni
1645 2669 1769 2700 mss-89,
1790 2669 1845 2693 vol.
1864 2669 1900 2699 ΙΙ,
1922 2676 1970 2693 nn.
1992 2675 2051 2700 255,
2081 2668 2158 2700 1374)

401 2712 412 2728 3
425 2715 479 2738 Fra
492 2715 606 2746 Filippo
620 2714 774 2738 Boschetti.
795 2713 840 2738 Ct'.
854 2714 1014 2743 Venmxxr,
1029 2712 1150 2744 catalogo
1164 2713 1207 2735 dei
1261 2713 1388 2736 abbiamo
1409 2713 1512 2745 potuto
1537 2710 1711 2735 identificare
1736 2717 1790 2735 con
1816 2711 1916 2735 alcuno
1937 2712 2005 2736 della
2029 2711 2158 2743 famigHa

318 2756 420 2779 Vescovi
430 2757 513 2783 illoti„
526 2764 553 2788 p.
567 2755 610 2787 67,
624 2756 753 2784 Modena,
772 2755 847 2788 1669.
884 2756 915 2779 Si
934 2755 1004 2779 veda
1017 2755 1104 2779 anche
1115 2755 1205 2779 Tias-
1260 2755 1431 2778 mantovana
1442 2754 1488 2777 dei
1499 2753 1578 2778 conti
1589 2753 1619 2777 di
1629 2752 1777 2777 Mai-caria.
1797 2752 1909 2778 Cinello
1919 2754 2002 2777 conte
2012 2753 2041 2776 di
2051 2753 2158 2777 Muca-

254 2806 285 2823 10
313 2804 425 2828 BOSCH1‚
438 2798 516 2822 Mem.
531 2798 599 2821 Stor.
620 2798 703 2825 Mod„
717 2797 848 2827 Modena,
865 2802 941 2829 1794,
955 2797 1034 2821 tomo
1049 2796 1097 2826 IV,
1118 2804 1143 2829 p.
1163 2795 1205 2827 65.
1261 2796 1303 2820 ria
1324 2796 1368 2819 nel
1391 2800 1456 2826 1275
1477 2794 1583 2819 cedette
1602 2795 1623 2818 il
1643 2802 1694 2819 suo
1707 2794 1823 2818 castello
1838 2793 1867 2818 di
1881 2794 2023 2819 Marcaria
2036 2794 2064 2818 ai
2076 2794 2158 2818 Man-

401 2837 414 2853 4
433 2839 582 2871 Areiprete
601 2838 629 2862 di
649 2838 814 2863 Cittanova.
1260 2838 1361 2862 tovani
1375 2845 1424 2870 per
1437 2837 1487 2862 lire
1500 2843 1571 2869 9200
1585 2836 1726 2869 (D'ARco,
1740 2840 1776 2867 ap.
1799 2838 1854 2864 cst„
1876 2838 1922 2866 VI,
1945 2836 2004 2869 42);
2025 2835 2070 2860 nel
2091 2836 2156 2867 1283
2187 2843 2220 2861 20

400 2879 411 2894 ⁵
438 2881 520 2905 Daue
548 2880 684 2905 cronache
712 2880 855 2904 modenesi
884 2887 987 2912 appare
1016 2880 1067 2904 che
1100 2879 1205 2904 Obizzo
1260 2876 1340 2911 copri
1358 2879 1466 2903 l‘ufficio
1480 2879 1508 2903 di
1521 2876 1642 2910 podest&
1655 2885 1671 2902 a
1684 2878 1801 2902 Ferrara
1815 2878 1980 2911 (Regii-trum
1994 2878 2156 2908 Antsqnum‚

313 2923 338 2947 d’
347 2923 413 2947 Este
434 2921 536 2947 mando
556 2929 572 2946 a
591 2921 714 2947 Modena
732 2929 809 2946 come
834 2929 884 2946 suo
911 2920 1027 2953 podesth
1046 2921 1090 2954 pel
1115 2920 1205 2953 primo
1259 2928 1287 2945 n.
1307 2920 1373 2951 6173
1393 2920 1472 2945 Arde.
1493 2921 1562 2945 Stor.
1586 2919 1654 2944 Com.
1675 2919 1705 2943 di
1721 2919 1856 2951 Medma).
