2307 3592
114 249 199 284 [AA.
219 252 415 286 1288-12901
744 243 1055 282 CHRONICON
1084 243 1310 280 ESTENSE
1898 242 1945 276 49

110 373 244 404 Mutine
267 384 330 414 per
353 385 470 415 passus
493 375 662 412 Bononie3
687 374 821 406 scilicet
844 373 888 405 ad
913 372 1099 416 Pegolam¹
1125 372 1325 413 hospitavit,
1350 371 1408 402 ubi
1431 382 1491 413 per
1507 371 1740 402 Bononienses
1764 371 1876 402 factus
1899 376 1949 402 est

111 425 175 457 sibi
201 436 344 469 magnus
369 427 487 459 honor.
534 428 578 459 Et
593 428 660 459 alio
677 427 731 459 die
747 427 808 458 ivit
823 425 1015 464 Mutinam‘2,
1042 431 1076 457 et
1098 425 1145 456 ibi
1172 425 1262 456 cives
1278 424 1411 456 Mutine
1431 429 1636 465 receperunt
1660 433 1735 454 eum
1759 423 1948 455 honorifice

110 479 144 509 in
169 488 287 510 eorum
311 479 482 511 dominum
507 487 717 522 perpetuum.
763 480 864 511 Tunc
888 477 1189 510 Aldrovrandinus
1212 477 1301 509 filius
1325 477 1408 509 dicti
1432 475 1559 508 domini
1583 476 1794 508 Marchionis
1811 475 1949 517 accepit

110 531 281 562 dominam
304 531 430 563 Aldam
455 533 557 564 filiam
582 533 710 565 domini
742 532 852 564 Tobie
886 532 929 563 de
961 529 1188 573 Rangonibus
1220 530 1253 561 in
1284 539 1436 567 uxorem,
1465 529 1507 560 de
1532 529 1653 571 quibus
1677 528 1747 560 nati
1771 534 1847 560 sunt
1870 528 1947 560 boni

66 582 83 614 5
108 584 324 615 marchiones
348 585 551 628 Raynaldus
574 591 608 617 et
632 585 742 628 Obico
766 591 799 616 et
823 584 989 616 Nicolaus
1014 583 1153 615 estensis
1177 588 1242 614 etc.

195 637 325 668 Eodem
350 637 538 677 millesimo,
552 638 606 670 die
624 647 646 669 x
670 637 797 669 mensis
810 636 909 679 junii.
945 635 1113 667 Dominus
1130 634 1410 676 archiepiscopus
1427 633 1615 666 Ravenne³
1638 633 1700 665 ivit
1716 634 1760 664 ad
1777 633 1949 665 civitatem

106 690 242 725 Parme,
267 690 326 731 qui
351 696 434 721 tunc
458 696 600 722 venerat
625 691 667 722 de
692 689 856 731 Aragona
880 699 982 720 causa
1007 688 1160 719 faciendi
1185 686 1468 729 compositionem
1492 686 1587 730 pacis
1611 692 1645 717 et
1661 686 1846 717 concordie
1863 686 1951 717 inter

106 752 222 784 regem
248 743 446 784 Aragonum
470 748 503 774 et
526 743 717 784 principem
742 742 847 773 filium
873 741 1043 784 quondam
1068 740 1196 772 domini
1220 739 1310 782 regis
1333 739 1452 771 Karoli
1478 739 1522 770 de
1538 737 1675 780 Apulia,
1700 743 1734 769 et
1758 738 1792 769 in
1817 738 1951 770 civitate

105 795 227 826 Parme
252 795 385 836 recepit
408 796 592 826 maximum
617 796 794 827 honorem.

44 847 82 878 10
194 847 327 879 Eodem
351 847 542 885 millesim0‚
568 848 623 879 die
648 847 759 879 sabati
781 857 818 878 XI
844 847 968 878 mensis
991 846 1089 889 junii.
1137 845 1215 877 Fuit
1238 855 1398 887 magnum
1423 844 1568 885 prelium
1583 842 1592 858 ⁴
1617 843 1708 874 inter
1730 843 1950 874 Florentinos

106 910 173 931 una
197 910 275 931 cum
299 900 375 942 alijs
400 899 528 932 Guelfis
553 901 595 931 de
612 900 773 931 Toscana
789 909 830 930 ex
846 909 915 930 una
930 904 1039 940 parte,
1058 902 1091 928 et
1108 897 1291 929 do'minum
1315 896 1516 937 episcopum
1540 894 1651 936 Aretij
1667 895 1678 911 ⁵
1701 905 1777 926 cum
1794 895 1948 935 pluribus

106 952 310 984 Ghibellinis
334 963 377 983 ex
401 952 517 990 altera,
544 962 660 984 omnes
684 952 718 982 in
742 952 897 983 districtu
922 950 1033 982 Aretii
1057 950 1091 980 in
1114 949 1218 991 plano
1243 948 1366 991 Poppij
1385 947 1405 980 ὖ.
1453 947 1609 979 Tandem
1635 948 1794 979 conflicte
1813 947 1952 978 fuerunt

103 1011 222 1047 gentes
235 1004 391 1043 Arefflne,
416 1010 450 1036 et
466 1005 589 1037 mortui
606 1010 685 1036 sunt
701 1004 743 1036 de
761 1004 809 1035 eis
826 1007 895 1035 Mv⁰
912 1003 968 1034 vel
984 1003 1109 1043 plures,
1127 1007 1161 1032 et
1177 1001 1331 1032 similiter
1354 1001 1396 1031 de
1415 999 1489 1031 aliis
1507 999 1716 1031 Ghibellinis
1741 1000 1784 1031 de
1809 999 1950 1036 Tuscia,

104 1058 194 1090 inter
218 1068 302 1100 quos
326 1058 393 1089 fuit
416 1056 526 1089 dictus
551 1057 709 1088 dominus
733 1056 925 1097 Episcopus
950 1065 1026 1085 cum
1051 1054 1124 1085 aliis
1147 1053 1341 1085 baronibus.

42 1110 76 1141 15
191 1111 324 1142 Eodem
341 1110 518 1141 millesimo
534 1109 554 1147 ⁷,
569 1109 624 1140 die
637 1118 731 1140 xvn1
748 1108 845 1150 junii.
870 1106 1035 1138 Dominus
1049 1106 1200 1138 marchio
1213 1104 1461 1137 Montisferrati
1475 1104 1487 1123 ⁸
1503 1104 1641 1136 intravit
1654 1104 1827 1136 civitatem
1844 1104 1951 1145 Papie

105 1175 167 1205 per
190 1164 257 1195 vim
282 1174 360 1195 cum
384 1168 456 1194 toto
482 1172 592 1203 posse.
639 1161 683 1192 Et
706 1161 742 1191 in
767 1161 832 1191 fine
856 1159 1043 1201 Papienses
1067 1162 1274 1199 receperunt
1296 1158 1406 1198 ipsum
1430 1157 1465 1187 in
1489 1156 1672 1194 dominum,
1697 1163 1732 1188 et
1755 1156 1820 1188 sibi
1844 1156 1950 1188 dede-

103 1222 181 1247 runt
205 1216 347 1248 liberam
373 1214 636 1246 dominationem
661 1213 752 1245 dicte
777 1212 921 1244 civitatis
945 1217 978 1242 et
1003 1216 1189 1242 castrorum
1198 1222 1206 1247 3
1231 1216 1264 1241 et
1287 1209 1335 1241 ibi
1365 1210 1541 1241 constituit
1565 1209 1598 1240 in
1626 1220 1723 1240 suum
1747 1214 1950 1251 potestatem

101 1269 359 1300 Manfredinum
382 1268 486 1298 filium
511 1266 685 1308 quondam
711 1265 840 1297 domini
863 1263 986 1296 Uberti
1009 1263 1211 1301 Pelavixini,
1237 1268 1271 1294 et
1288 1262 1504 1304 capitaneum
1523 1262 1697 1294 dominum
1717 1262 1949 1294 Guillielmum

103 1322 147 1353 de
170 1321 288 1363 Papia.

39 1392 80 1421 20
851 1385 1203 1418 MCCLXXXVIIII.

187 1461 239 1492 De
262 1469 379 1491 mense
401 1459 489 1501 julii.
536 1459 622 1490 Cum
649 1458 752 1490 tertia
775 1468 855 1499 pars
878 1457 1127 1489 Veneticorum
1159 1466 1236 1487 cum
1268 1466 1394 1500 magna
1425 1456 1614 1498 quantitate
1647 1456 1951 1498 stipendiariorum

99 1520 213 1545 essent
238 1513 331 1544 circa
346 1511 514 1543 Triestem
538 1512 575 1542 in
599 1511 822 1548 obsidionem,
847 1509 903 1542 ubi
928 1510 994 1541 iam
1018 1515 1184 1541 steterant
1207 1520 1269 1551 per
1293 1515 1361 1541 tres
1377 1518 1521 1547 menses,
1538 1510 1745 1541 audiverunt
1762 1509 1841 1547 dici,
1859 1511 1951 1552 quod

103 1566 260 1598 dominus
283 1565 462 1597 Patriarca
476 1562 711 1606 aquileiensis⁰
728 1563 887 1595 veniebat
912 1563 947 1594 in
971 1562 1135 1594 auxilium
1162 1562 1253 1594 dicte
1271 1562 1437 1600 civitatis3
1453 1573 1558 1604 quare
1575 1562 1738 1594 Venetici
1762 1572 1839 1594 cum
1854 1574 1952 1594 exer-

98 1620 166 1650 citu
190 1618 307 1661 fugam
332 1623 497 1659 ceperunt
519 1617 580 1648 tali
603 1618 718 1654 modo,
743 1617 837 1659 quod
859 1621 961 1657 pater
983 1625 1052 1647 non
1077 1614 1287 1657 expectabat
1302 1615 1408 1646 filium
1416 1627 1424 1652 3
1450 1615 1549 1646 etsie
1566 1615 1609 1646 de
1627 1615 1708 1656 ipsis
1724 1615 1820 1646 multi
1836 1616 1948 1647 necati

34 1672 73 1704 25
100 1677 185 1710 sunt,
210 1677 244 1702 et
267 1671 381 1702 omnia
405 1681 522 1701 eorum
547 1669 701 1702 hedifitia
725 1669 773 1701 ibi
796 1669 1007 1711 reliquerunt
1031 1674 1097 1701 etc.

186 1723 318 1756 Eodem
341 1723 530 1761 millesimo,
556 1724 599 1755 de
622 1732 738 1754 meuse
763 1722 846 1765 julii.
890 1721 1034 1752 Illustris
1051 1727 1085 1753 et
1101 1721 1302 1764 magnificus
1319 1721 1474 1753 dominus
1491 1721 1649 1753 dominus
1665 1721 1818 1753 marchio
1837 1721 1948 1763 Obico

97 1777 237 1809 estensis
261 1777 396 1818 accepit
419 1776 522 1807 filiam
537 1777 562 1794 ¹⁰
585 1775 759 1817 magnifici
784 1774 913 1806 domini
937 1774 1065 1806 domini
1088 1773 1225 1806 Alberti
1248 1773 1292 1806 de
1317 1773 1349 1805 la
1374 1773 1477 1805 Scala
1500 1774 1534 1804 in
1552 1783 1703 1811 uxorem,
1729 1780 1762 1805 et
1787 1772 1950 1805 conduxit

97 1830 291 1862 Ferrariam
314 1829 415 1861 valde
440 1828 638 1867 honorifice,
664 1838 741 1859 cum
765 1833 897 1859 mortua
920 1833 1009 1859 esset
1044 1826 1155 1868 prima
1188 1826 1259 1857 eius
1283 1836 1369 1858 uxor
1393 1826 1533 1858 domina
1559 1826 1728 1868 Jacobina
1759 1827 1802 1858 de
1833 1826 1946 1857 Flisco

97 1883 141 1915 de
167 1882 347 1915 comitibus
371 1881 415 1913 de
438 1881 601 1913 Lavania.

33 1955 74 1985 30
898 1950 1150 1983 MCLXXXX.

185 2010 251 2042 Die
274 2020 323 2041 xv
346 2010 429 2052 julii.
475 2010 620 2041 Illustris
644 2015 677 2041 et
701 2009 902 2051 magnificus
927 2008 1084 2040 dominus
1109 2007 1265 2040 dominus
1293 2007 1448 2040 marchio
1480 2007 1588 2051 Obico
1620 2008 1762 2040 estensis
1793 2013 1868 2046 etc„
1901 2008 1945 2039 de

96 2064 303 2104 volumptate
329 2062 453 2094 civium
478 2062 592 2105 Regii,
616 2062 755 2094 intravit
779 2061 930 2103 Regium
954 2067 1126 2102 tamquam
1151 2060 1308 2093 dominus
1332 2060 1543 2102 perpetualis
1575 2067 1641 2092 ete.

184 2116 315 2148 Eodem
333 2115 521 2153 millesimo,
540 2115 596 2146 die
614 2114 786 2146 dominico
804 2124 881 2145 xxn
900 2113 985 2157 julii.
1033 2113 1085 2144 De
1103 2113 1314 2154 volumptate
1339 2113 1420 2145 dicti
1445 2113 1574 2145 domini
1599 2113 1813 2145 Marchionis
1837 2120 1947 2145 esten-

97 2169 140 2200 sis
157 2174 223 2200 etc.
241 2168 291 2200 illi
316 2167 360 2200 de
376 2168 540 2200 Robertis
556 2174 589 2199 et
604 2167 648 2199 de
665 2168 833 2204 FoIliano,
851 2177 928 2198 cum
951 2176 1069 2198 eorum
1086 2166 1203 2198 amicis
1220 2166 1395 2198 redierunt
1411 2166 1445 2197 in
1461 2166 1634 2198 civitatem
1650 2166 1753 2209 Regii
1777 2167 1811 2197 in
1829 2176 1946 2197 eorum

33 2222 73 2252 35
101 2222 269 2253 domibus.

184 2274 319 2305 Eodem
342 2273 532 2311 millesimo,
557 2272 600 2305 de
625 2283 738 2304 mense
763 2272 975 2314 septembris.
1022 2273 1111 2303 Dum
1130 2272 1288 2303 dominus
1304 2272 1459 2303 marchio
1484 2272 1735 2304 Montisferrati
1751 2271 1770 2288 ¹¹
1788 2271 1944 2303 intrasset

97 2326 270 2359 civitatem
294 2325 501 2358 Alexandrie
527 2336 604 2358 cum
622 2326 825 2368 quibusdam
842 2325 1007 2357 militibus
1022 2323 1114 2357 dicte
1132 2324 1289 2362 civitatis,
1305 2324 1523 2366 prodictores
1539 2324 1763 2368 Alexandrinj
1782 2330 1947 2366 ceperunt

96 2390 171 2410 eum
196 2390 273 2411 cum
299 2379 454 2411 omnibus
477 2379 555 2417 illis,
581 2379 637 2421 qui
663 2389 739 2409 cum
764 2389 804 2410 eo
829 2383 936 2415 erant,
962 2383 996 2409 et
1019 2378 1259 2409 conduxerunt
1283 2387 1342 2409 eos
1365 2388 1467 2419 super
1489 2377 1651 2418 palatium
1677 2378 1768 2408 dicte
1785 2377 1944 2408 civitatis.

93 2432 313 2464 Postmodum
338 2431 538 2464 dimiserunt
562 2431 648 2470 illos,
673 2431 730 2474 qui
755 2442 832 2463 cum
858 2441 899 2462 eo
925 2430 1015 2472 capti
1031 2430 1185 2467 fuerant3
1211 2436 1260 2462 set
1276 2430 1386 2471 ipsum
1402 2430 1437 2461 in
1454 2430 1650 2462 carceribus
1673 2430 1852 2461 miserunt:
1878 2441 1945 2472 qua

185 2547 208 2570 4.
228 2539 317 2572 Tybie
336 2539 359 2562 A
382 2552 413 2556 —
431 2546 470 2563 12.
484 2539 609 2563 conflicti
628 2539 652 2562 Α
668 2553 699 2557 -
716 2544 757 2569 23.
771 2538 925 2569 aquilensis
938 2538 961 2561 Α
977 2551 1009 2555 —
1024 2543 1065 2567 27.
1085 2536 1232 2569 conduxit]
1246 2537 1385 2562 conducta
1397 2538 1420 2560 A
1438 2551 1468 2554 —
1484 2538 1574 2570 28-29.
1592 2545 1654 2561 cum
1669 2538 1836 2562 mortua...
1856 2537 1945 2561 Lava-

97 2581 144 2604 nia
163 2588 221 2612 agg.
242 2581 276 2604 da
294 2581 364 2604 altra
384 2589 459 2604 mano
478 2581 521 2604 del
537 2584 619 2611 tempo
639 2582 667 2603 z'tz
687 2581 710 2604 A

184 2656 191 2672 ¹
211 2659 327 2690 Pegola,
346 2657 472 2682 {razione
491 2657 535 2682 del
555 2665 673 2682 comune
693 2658 723 2682 di
743 2657 925 2688 Malalbergo.
1134 2655 1145 2671 ⁹
1166 2655 1326 2681 Raimondo
1344 2656 1413 2681 della
1434 2657 1531 2680 Torre.

183 2698 194 2714 ²
215 2706 245 2731 23
265 2700 389 2732 germaio
413 2701 489 2730 1289.
1124 2696 1145 2713 ¹⁰
1165 2698 1314 2723 Costanza.
1334 2698 1437 2723 Vedasi
1456 2698 1537 2723 l‘atto
1564 2699 1591 2722 di
1616 2699 1801 2723 costituzione
1824 2698 1853 2723 di
1879 2699 1945 2722 dote

51 2747 64 2771 5
183 2740 193 2755 ³
214 2741 364 2766 Bonifaeio
384 2741 503 2771 Fiesehi,
523 2741 617 2771 Gmus,
636 2745 673 2772 op.
695 2743 749 2768 cit..
771 2749 797 2773 p.
819 2742 878 2772 718.
1045 2742 1145 2772 rogato
1165 2740 1209 2763 nel
1228 2741 1388 2764 monastero
1410 2740 1438 2763 di
1458 2739 1635 2772 Vangadizza
1654 2740 1696 2764 nel
1717 2746 1751 2770 30
1770 2740 1855 2771 luglio
1877 2741 1944 2772 1289

184 2781 195 2796 ⁴¹
216 2782 355 2814 Battaglia
374 2782 403 2806 di
422 2782 608 2814 Campaldino
628 2782 670 2814 (11
691 2783 796 2814 giugno
820 2782 904 2813 1289).
1045 2782 1074 2805 in
1101 2781 1239 2811 CipoLLA,
1265 2782 1402 2804 Rcllzsioni
1418 2780 1471 2811 fra
1503 2782 1602 2805 Verona
1621 2790 1633 2804 c
1652 2782 1787 2809 Mantova,
1815 2782 1873 2806 doc.
1900 2781 1944 2812 67,

183 2822 194 2837 ⁵
213 2823 372 2855 Guglielmo
392 2823 435 2847 de‘
455 2824 544 2854 Pazzi,
564 2823 657 2853 GAMS,
677 2827 713 2854 op.
735 2825 790 2850 sss„
810 2831 836 2856 p.
857 2830 915 2855 742.
1045 2831 1071 2856 p.
1091 2828 1151 2855 357.
1189 2823 1340 2853 Costauza,
1354 2823 1469 2847 rimasta
1483 2823 1593 2848 vedova
1607 2824 1634 2847 di
1649 2823 1761 2853 Obizzo,
1776 2823 1800 2847 si
1815 2823 1942 2848 rimaritb

183 2864 194 2881 ⁶
214 2867 312 2898 Poppi,
326 2866 414 2897 borgo
428 2866 501 2890 sulla
514 2866 608 2890 destra
626 2866 772 2890 dell’Arno
787 2874 801 2889 a
823 2866 989 2890 nord-ovest
1045 2866 1089 2890 nel
1111 2872 1177 2897 1²99
1195 2872 1248 2889 eon
1269 2865 1364 2890 Guido
1383 2865 1426 2889 de'
1448 2865 1622 2895 Bonaecolsi,
1642 2865 1717 2889 detto
1737 2865 1901 2897 Bottigella.

96 2909 125 2933 di
146 2909 260 2932 Arezzm
1122 2904 1141 2921 ¹¹
1162 2906 1320 2938 Guglielmo
1347 2906 1400 2930 VII
1425 2906 1456 2930 t'u
1480 2906 1552 2930 fatto
1579 2907 1754 2938 prigioniero
1776 2906 1859 2930 news
1885 2908 1943 2931 set-

39 2959 68 2976 ιο
184 2949 194 2965 7
215 2951 301 2974 Anno
323 2949 399 2980 1289.
1044 2949 1149 2973 tembre
1171 2954 1237 2979 1290
1249 2955 1263 2972 e
1277 2949 1361 2972 stette
1377 2948 1406 2972 in
1425 2955 1534 2972 carcere
1554 2947 1610 2972 fino
1627 2948 1679 2972 alla
1699 2949 1788 2972 morte
1802 2950 1943 2973 avvenuta

185 2989 196 3005 ⁸
217 2991 372 3015 Bonifazio.
1044 2991 1070 3015 ai
1094 2997 1123 3022 13
1144 2991 1172 3014 di
1192 2989 1317 3015 febbraio
1341 2996 1414 3023 1292.

255 3106 288 3129 T.
308 3105 369 3136 XV,
390 3112 415 3137 p.
436 3111 471 3128 111
492 3117 523 3121 —-
544 3112 568 3135 4.

1975 2790 2004 2814 15

2026 905 2098 927 Mun„
2116 904 2150 922 3⁴1

2024 1404 2044 1417 ι.
2063 1401 2113 1420 527
