2307 3592
61 928 97 958 10

59 1192 96 1224 15

54 1457 95 1488 20

51 1721 91 1754 25

51 2252 91 2286 35

127 249 178 282 [A.
201 251 294 282 12581
760 246 1072 281 CHRONICON
1104 246 1332 280 ESTENSE
1918 246 1961 279 31

931 411 1163 454 MCCLVIIJ.

214 504 300 536 Cum
332 503 427 535 multi
459 504 634 536 clarissimi
663 504 725 536 viri
753 505 797 536 de
828 504 954 536 Brissia
985 505 1231 548 exaltacionem
1267 511 1384 537 sancte
1416 505 1534 537 matris
1565 505 1723 537 Ecclesie
1755 506 1969 541 affectantes,

123 556 338 599 tyrapnidem
363 556 507 588 adverse
537 557 643 598 partis
674 557 845 598 patienter
874 567 936 599 per
968 557 1129 601 byenium
1160 558 1355 597 tolerasent,
1386 557 1535 590 tamdem
1566 558 1653 590 sicut
1683 558 1746 589 viri
1778 557 1904 589 strenui
1937 563 1970 588 et

125 609 215 647 elati,
238 619 403 651 personas
426 609 582 651 periculo
606 619 776 651 exponere
800 610 913 652 potius
937 611 1126 653 elegerunt,
1151 622 1253 654 quam
1277 611 1576 643 vehementissimo
1602 611 1680 654 iugo
1707 611 1868 642 continue
1893 620 1969 641 cru-

125 662 217 694 ciari.
264 661 450 694 Timebant
481 663 570 694 enim
602 663 739 700 cotidie,
771 674 814 694 ne
850 674 868 694 a
898 663 966 695 suis
998 664 1199 696 adversariis
1231 664 1265 695 in
1289 675 1406 696 manus
1429 664 1573 706 perfidi¹
1599 663 1735 706 Bryssia
1767 663 1967 694 traderetur.

123 715 223 746 Tunc
248 715 393 747 latenter
417 717 460 748 ad
483 716 651 759 Legatum
676 722 709 747 et
733 715 970 748 Marchionem
996 722 1175 756 estensem,
1199 717 1257 760 qui
1280 723 1362 748 tunc
1388 717 1481 749 erat²
1505 717 1634 754 Padue,
1658 727 1721 758 pro
1739 716 1891 748 exercitu
1916 726 1969 747 or-

123 768 273 801 dinando
299 775 417 801 contra
440 770 642 811 pestiferum
666 769 858 801 Ecellinum
882 771 1025 802 nuncios
1049 771 1256 808 direxerunt,
1273 772 1366 812 ipsos
1391 770 1558 802 actentius
1582 776 1772 807 exorantes,
1797 776 1834 801 ut
1860 770 1969 811 parati

122 828 233 853 essent
257 822 306 854 eis
328 828 482 864 prestare
505 822 690 854 subsidium
714 823 749 854 in
766 823 824 854 die
840 824 980 865 prefisso
994 823 1015 862 ³,
1040 824 1073 854 in
1097 834 1165 866 quo
1190 834 1268 856 suos
1293 824 1537 865 dispoxuerant
1553 823 1713 854 invadere
1732 822 1898 854 inimicos.
1923 822 1970 853 At

121 874 170 905 illi
193 884 310 906 eorum
333 875 493 916 precibus
516 874 734 907 libentissime
759 881 955 915 annuentes,
979 876 1013 907 in
1037 883 1191 918 tempore
1223 877 1375 920 asignato
1399 876 1579 918 magnifice
1603 876 1637 906 in
1661 885 1778 906 eorum
1811 875 1970 906 auxilium

121 934 357 970 perrexerunt.
402 928 554 960 Predicti
586 938 668 960 vero
704 928 824 960 fideles
854 929 1023 967 Ecclesie‚
1054 934 1091 960 ut
1113 935 1272 970 potentes
1303 929 1377 968 viri,
1410 928 1546 970 providi
1572 934 1605 960 et
1637 928 1779 970 experti,
1810 928 1969 960 timentes

120 980 301 1023 plurimum
325 990 369 1013 ne
392 991 470 1022 pars
494 980 638 1012 adversa
661 991 778 1013 eorum
802 982 1034 1023 deprenderet
1058 981 1226 1014 audatiam
1250 991 1313 1024 per
1338 982 1486 1024 aliquam
1511 981 1755 1020 coniecturam,
1790 987 1823 1012 et
1854 980 1969 1012 habita

120 1033 303 1066 occasione
326 1033 510 1075 pessimum
534 1034 741 1073 Ecellinum,
766 1040 800 1065 et
823 1034 1065 1072 Palavicinum‚
1090 1034 1127 1065 in
1152 1045 1249 1066 suum
1266 1035 1425 1066 auxilium
1452 1039 1672 1071 convocaret,
1697 1033 1829 1065 duobus
1846 1034 1968 1066 diebus

121 1091 199 1118 ante
224 1086 404 1118 terminum
436 1087 664 1124 constitutum,
689 1088 841 1119 secundo
873 1087 1006 1119 scilicet
1037 1088 1094 1119 die
1118 1093 1264 1119 exeunte
1297 1087 1414 1129 apreli,
1444 1087 1535 1118 circa
1566 1086 1646 1118 solis
1678 1096 1841 1118 occaxum
1875 1097 1969 1118 arma

119 1139 230 1171 subito
253 1140 435 1182 rapientes,
459 1149 555 1171 more
579 1139 715 1182 leonum
740 1140 901 1179 audaces,
925 1140 1080 1172 inimicos
1103 1140 1244 1172 viriliter
1276 1140 1486 1178 invaxerunt,
1519 1150 1647 1182 eosque
1670 1149 1734 1180 per
1757 1145 1861 1171 totam
1886 1150 1968 1171 noc-

120 1198 186 1224 tem
211 1193 346 1225 fortiter
369 1198 614 1236 expugnantes,
646 1199 724 1225 ante
748 1194 866 1225 horam
898 1193 1031 1225 tertiam
1063 1194 1132 1226 diei
1163 1194 1336 1236 sequentis
1358 1193 1589 1235 plenissimam
1614 1192 1657 1224 de
1682 1193 1763 1234 ipsis
1789 1194 1969 1225 victoriam

120 1251 198 1277 sunt
221 1244 335 1287 adepti
342 1258 350 1283 ;
376 1251 410 1277 et
432 1246 508 1277 fere
533 1255 651 1277 omnes
667 1251 824 1278 auctores
841 1245 1020 1283 scelerum,
1039 1246 1260 1278 Griffolinum
1278 1246 1378 1277 etiam
1395 1251 1600 1288 potestatem
1616 1245 1766 1288 Bryssie,
1784 1245 1969 1287 capientes,

120 1307 179 1330 eos
201 1298 238 1329 in
261 1298 405 1330 vinculis
429 1298 663 1330 coniecerunt.
709 1298 834 1330 Comes
858 1298 971 1340 itaque
1004 1298 1124 1330 Sancti
1146 1298 1320 1330 Bonefatii
1350 1298 1488 1342 egregie
1513 1298 1638 1330 indolis
1661 1298 1876 1336 adoloscens,
1908 1309 1968 1340 pa-

119 1357 215 1382 terne
238 1350 416 1393 probitatis
440 1350 585 1394 impiger
607 1351 767 1389 imitator,
793 1351 935 1382 audiens
959 1351 1149 1383 Brisienses
1174 1360 1247 1382 esse
1272 1351 1334 1383 sub
1360 1351 1472 1390 armis,
1498 1361 1575 1382 cum
1599 1356 1698 1392 parte
1723 1351 1840 1383 militie
1867 1351 1968 1383 Man-

117 1409 219 1435 tuane
244 1404 277 1434 in
302 1404 489 1436 amicorum
514 1403 638 1436 auxilio
665 1404 828 1436 continuo
854 1410 905 1435 est
926 1404 1117 1446 profectus.

206 1456 290 1488 Post
311 1467 394 1488 vero
418 1462 486 1488 tres
510 1456 583 1489 dies
606 1457 757 1499 Legatus
781 1462 814 1488 et
838 1456 997 1488 Marchio
1022 1456 1172 1495 estensis,
1190 1457 1225 1488 in
1241 1467 1342 1488 manu
1366 1456 1480 1488 valida
1503 1456 1675 1500 Bryssiam
1699 1456 1921 1495 intraverunt,
1936 1463 1969 1488 et

118 1509 245 1542 ibidem
268 1509 397 1542 tamdiu
419 1509 638 1541 residentiam
663 1508 864 1548 habuerunt,
890 1509 1004 1541 donec
1028 1509 1141 1541 omnia
1164 1509 1304 1541 fuerunt
1327 1509 1492 1551 disposita
1507 1510 1697 1542 secundum
1714 1509 1968 1551 beneplacitum

118 1563 317 1595 amicorum.
363 1563 438 1594 Hec
456 1562 570 1605 itaque
588 1562 767 1594 audientes
789 1562 965 1594 Ecellinus
981 1567 1015 1594 et
1029 1562 1247 1594 Pelavicinus
1264 1563 1392 1604 pariter
1416 1569 1644 1600 tremuerunt3
1670 1563 1834 1606 expalluit
1851 1573 1967 1595 eorum

118 1617 238 1654 facies,
273 1622 306 1648 et
336 1616 455 1648 hebuit
486 1615 696 1654 intellectus3
722 1626 910 1659 omnesque
942 1615 1077 1647 illorum
1110 1616 1262 1648 fautores
1292 1625 1355 1658 per
1386 1622 1492 1648 totam
1523 1616 1765 1649 Lombardiam
1791 1616 1903 1658 capita
1934 1617 1967 1647 in

116 1676 241 1701 terram
258 1679 320 1712 pre
338 1669 472 1701 tristitia
489 1669 699 1701 deiecerunt.
745 1669 835 1700 Tota
853 1669 943 1700 enim
967 1678 1046 1710 spes
1069 1668 1204 1700 illorum
1229 1674 1263 1700 et
1287 1667 1493 1700 desiderium
1519 1675 1592 1701 erat
1615 1668 1785 1713 Bryssiam
1803 1669 1969 1708 obtinere,

118 1723 196 1765 quia
218 1733 280 1764 per
304 1723 412 1764 ipsam
435 1722 523 1754 vires
546 1731 721 1754 resumere
746 1728 780 1753 et
803 1721 960 1754 inimicos
983 1722 1188 1764 deprimere,
1218 1721 1388 1764 totiusque
1412 1722 1547 1764 assequi
1573 1722 1757 1765 sperabant
1781 1723 1969 1755 dominium

115 1775 334 1808 Lombardie.
379 1775 546 1807 Dominus
569 1781 681 1807 autem
705 1775 891 1807 secundum
916 1775 1126 1816 profeticum
1141 1773 1354 1806 sermonem⁴
1378 1775 1474 1818 signa
1490 1775 1623 1807 faciens
1647 1776 1741 1808 irrita
1764 1776 1967 1814 divinorum,

117 1835 151 1861 et
173 1835 310 1861 vertens
335 1829 457 1861 ariolos
481 1829 515 1860 in
539 1829 702 1866 furorem,
726 1828 931 1872 ydolatriam
964 1828 1121 1866 Ecellini‚
1146 1834 1180 1859 et
1203 1827 1405 1867 Pelavicini,
1433 1829 1491 1870 qui
1522 1828 1692 1869 'planetos
1716 1834 1750 1861 et
1775 1829 1871 1872 signa
1900 1830 1965 1861 celi

116 1892 179 1924 pro
203 1881 338 1914 numine
370 1881 631 1919 venerabantur,
663 1891 723 1913 sue
755 1880 908 1923 potentie
939 1880 1079 1912 brachio
1111 1880 1293 1922 prostravit
1323 1880 1460 1922 pariter,
1486 1886 1519 1912 et
1551 1881 1718 1913 confudit.
1765 1882 1845 1913 Non
1877 1882 1967 1913 enim

117 1935 342 1977 Omnipotens
366 1934 510 1976 planetis
537 1934 680 1966 contulit
703 1934 875 1972 deitatem,
896 1943 962 1965 nec
980 1943 1097 1965 eorum
1121 1933 1267 1965 motibus
1291 1944 1385 1965 suam
1408 1934 1595 1975 potentiam
1619 1934 1781 1977 alligavit,
1806 1941 1857 1967 set
1880 1935 1914 1966 in
1931 1945 1967 1967 se

116 1987 255 2020 retinuit
277 1986 524 2030 plenitudinem
548 1986 735 2029 potestatis·
782 1985 983 2027 Reputandi
1009 1995 1092 2028 ergo
1116 1992 1194 2018 sunt
1217 1986 1313 2025 fatui,
1338 1993 1372 2018 et
1395 1986 1514 2025 insani,
1543 1987 1602 2029 qui
1624 1993 1729 2019 totam
1753 1998 1848 2030 spem
1873 1999 1967 2019 suam

116 2041 152 2072 in
176 2039 489 2072 constellationibus
513 2045 711 2082 posuerunt,
736 2045 770 2071 et
795 2038 994 2070 Creatorem
1019 2039 1168 2071 omnium
1195 2045 1314 2071 contra
1337 2050 1372 2071 se
1404 2050 1474 2071 non
1502 2039 1622 2072 timent
1646 2040 1773 2072 cotidie
1797 2041 1865 2072 suis
1892 2050 1966 2072 sce-

116 2093 242 2125 leribus
264 2102 464 2134 provocare.
511 2092 677 2124 Dominus
694 2092 795 2134 igitur
811 2092 852 2124 sit
869 2091 967 2124 nobis
983 2091 1126 2129 adiutor,
1152 2097 1186 2124 et
1200 2102 1270 2123 non
1287 2091 1490 2131 timebimus,
1507 2092 1590 2134 quid
1613 2092 1710 2124 nobis
1733 2093 1840 2125 faciat
1862 2093 1968 2132 Mars,

115 2146 274 2188 Juppiter
298 2151 332 2177 et
356 2145 524 2177 Saturnus
538 2145 559 2177 ⁵.

203 2199 319 2231 Factis
341 2199 456 2241 itaque
487 2199 613 2230 Brissie
644 2208 809 2240 prospere
844 2198 1019 2237 ordinatis,
1045 2199 1177 2241 legatus
1207 2198 1359 2240 perrexit
1385 2198 1630 2237 Mediolanum,
1662 2204 1699 2231 ut
1722 2199 1859 2231 sedaret
1888 2199 1965 2231 Me-

117 2252 364 2285 diolanensium
393 2252 582 2284 discordias
607 2251 796 2284 cavillosas.
843 2252 929 2284 Cum
961 2251 1062 2294 igitur
1092 2252 1187 2284 circa
1217 2253 1284 2284 hoc
1315 2252 1496 2293 plurimum
1528 2252 1710 2290 laboraret,
1742 2252 1966 2285 infortunium

117 2307 244 2339 accidit
261 2305 594 2338 'Mediolanensibus
619 2315 736 2337 eorum
761 2305 1039 2344 dissensionibus,
1062 2311 1097 2337 et
1120 2305 1273 2347 peccatis
1281 2317 1289 2342 3
1315 2316 1391 2337 nam
1417 2316 1493 2337 cum
1517 2316 1579 2348 per
1601 2306 1781 2338 multorum
1799 2316 1965 2338 annorum

116 2359 464 2401 circumvoluptiones
487 2359 611 2391 Creme
644 2358 830 2391 dominium
862 2358 1069 2397 habuissent,
1094 2365 1127 2390 et
1149 2365 1292 2401 propter
1316 2359 1383 2391 hoc
1407 2359 1494 2391 inter
1522 2359 1623 2401 ipsos,
1648 2364 1683 2391 et
1706 2360 1966 2398 Cremonenses,

116 2411 335 2444 inexorabilis
352 2411 527 2444 discordia
543 2411 718 2450 extitisset,
743 2422 786 2443 ex
803 2422 870 2454 qua
886 2411 990 2443 multa
1005 2411 1099 2443 milia
1115 2411 1289 2443 hominum
1313 2423 1356 2443 ex
1378 2418 1520 2454 utraque
1545 2418 1642 2454 parte
1665 2413 1701 2444 in
1725 2412 1871 2444 diversis
1894 2413 1967 2445 bel-

117 2465 226 2497 lorum
251 2465 549 2507 congressionibus
571 2465 765 2506 perierunt3
789 2464 855 2496 hiis
879 2470 991 2496 tamen
1024 2464 1233 2506 temporibus
1256 2464 1381 2497 Crema
1404 2465 1516 2497 taliter
1539 2471 1590 2497 est
1613 2466 1658 2497 ad
1681 2476 1800 2497 manus
1823 2466 1966 2498 Cremo-

207 2625 231 2650 8.
251 2626 344 2649 essent
363 2632 412 2650 om.
430 2625 461 2650 A.
484 2625 616 2657 Toglz'amo
636 2624 712 2656 daglz'
730 2625 808 2649 ANN.
831 2638 862 2642 —
884 2632 925 2649 11.
948 2624 1164 2656 deprehenderet
1184 2625 1261 2649 Mun.
1283 2638 1314 2641 —
1346 2631 1385 2656 14.
1409 2631 1521 2656 rapaces
1547 2625 1609 2655 dopo
1628 2624 1738 2648 leonum
1757 2626 1806 2655 poi
1827 2625 1966 2649 cancellato

118 2677 163 2692 con
183 2677 221 2692 un
240 2670 297 2700 rzgro
317 2671 345 2692 ln
364 2669 387 2692 A
406 2683 438 2686 —
461 2675 501 2700 15.
521 2670 635 2693 tertiam
656 2669 750 2698 ANN.;
771 2669 852 2693 tertie
870 2669 894 2692 A
914 2669 990 2693 Mun.
1013 2683 1045 2686 —
1062 2673 1102 2699 17.
1117 2667 1313 2700 coniecerunt]
1334 2669 1527 2692 convenerunt
1544 2668 1567 2691 A
1587 2681 1598 2686 -
1618 2667 1733 2699 indolis]
1753 2669 1872 2701 yridolis
1891 2670 1915 2692 A
1933 2683 1965 2687 —

118 2720 160 2745 23.
180 2714 303 2738 factores
320 2714 363 2741 A,·
384 2714 505 2737 fautores
525 2714 604 2738 Amr.
623 2714 700 2737 Mon.
716 2726 748 2730 -—
770 2718 812 2744 25.
832 2713 961 2745 sperabat
979 2713 1002 2736 A
1015 2727 1047 2731 —
1062 2712 1103 2737 26.
1118 2711 1213 2744 irrita]
1232 2713 1306 2738 inita
1321 2706 1389 2736 A—
1405 2717 1444 2743 27.
1460 2712 1576 2744 ariolos]
1597 2712 1733 2736 au-riolos
1751 2713 1775 2735 A
1788 2726 1819 2730 —
1834 2718 1924 2746 27-29.
1938 2715 1967 2738 et

118 2758 200 2789 signa
220 2757 338 2782 Celi....
356 2758 476 2789 planetis
495 2757 571 2781 Mun.
592 2757 721 2788 toglz'endo
742 2756 817 2787 dagli
835 2757 931 2787 Amm
952 2765 999 2781 om.
1019 2757 1042 2780 A
1062 2769 1094 2773 —
1116 2763 1155 2787 29,
1179 2756 1315 2788 motibus]
1336 2756 1461 2780 moribus
1480 2757 1503 2779 A
1529 2770 1560 2774 —
1581 2763 1622 2788 30.
1642 2763 1718 2788 spem
1738 2757 1815 2781 MUR.
1837 2757 1965 2789 toglz'endo

118 2802 194 2832 dagli
211 2803 306 2831 ΑΝΝ.;
327 2810 374 2825 om.
394 2802 418 2825 A
431 2815 463 2819 —
477 2807 519 2833 34.
539 2802 681 2834 prosperis
698 2800 741 2828 A:
760 2801 839 2826 Mun.
852 2807 987 2834 prospere
1016 2801 1133 2825 Annales
1154 2814 1186 2818 —
1206 2807 1248 2832 39.
1267 2801 1366 2825 taliter
1384 2801 1427 2824 est
1446 2801 1524 2824 Mox.
1545 2801 1639 2825 Arma
1659 2808 1707 2825 om.
1726 2801 1749 2824 A

203 2905 212 2922 ¹
233 2906 302 2932 Cos)
321 2908 401 2932 viene
420 2908 565 2940 designato
585 2908 714 2933 Eccelino
734 2908 770 2933 da
788 2908 893 2938 Roma3
907 2906 942 2932 cf.
956 2908 1013 2930 An·
1157 2905 1167 2922 3
1190 2915 1200 2931 1
1223 2907 1346 2939 maggio.

116 2950 198 2977 παίω,
218 2958 246 2982 p.
267 2954 325 2981 170.
1156 2947 1168 2963 ‘¹
1188 2949 1276 2979 ISAIA,
1296 2947 1339 2979 44,
1359 2952 1394 2973 25.

205 2990 216 3007 2
236 2991 284 3016 Gli
303 2992 418 3016 Annales
437 2992 530 3018 hanno
550 2996 634 3016 crant.
1156 2989 1167 3005 ⁵
1188 2991 1291 3021 ΤΟΒΙΑ,
1310 2988 1336 3021 3,
1357 2996 1391 3015 22.

1995 2955 2027 2971 10

2042 2315 2121 2338 Μυκ..
2137 2316 2173 2334 „121
