2297 3476
108 764 184 787 Mun..
200 764 237 783 312

161 1035 183 1050 ‘-
198 1033 249 1052 2³21

316 166 364 200 20
946 160 1258 197 CHRONICON
1285 161 1452 197 ESTEN
1454 160 1514 196 SE
1851 166 1934 201 [AA.
1956 167 2150 199 1247-1248]

909 309 1146 352 MCCXLVIJ
1171 308 1215 341 de
1238 319 1355 341 mense
1378 309 1552 341 februarii.

399 385 541 415 Factum
564 391 686 424 magne
710 380 847 412 audatie
871 380 997 412 accidit
1013 380 1049 411 in
1073 380 1223 412 Verona.
1271 379 1358 411 Nam
1383 390 1460 411 cum
1477 380 1646 411 Henricus
1662 382 1705 412 de
1718 381 1827 423 Egna,
1850 381 1936 412 filius
1952 381 2076 412 sororis
2094 390 2152 410 ne-

315 436 464 479 quissimi
501 434 657 473 Ecellini‚
689 439 825 476 gereret
859 432 1050 474 predictum
1081 433 1236 475 regimen
1269 433 1424 470 civitatis,
1457 433 1594 475 quidam
1629 433 1734 465 milex
1768 434 1978 472 veronensis,
2017 432 2153 465 nomine

313 490 488 532 Johannes
512 489 555 519 de
588 487 810 525 Scanar01a1,
842 492 1020 518 accusatus
1053 486 1096 517 de
1126 485 1353 528 prodictione‚
1385 492 1466 517 ante
1497 485 1644 517 tribunal
1676 487 1748 517 eius
1771 486 1904 518 vinctus
1931 485 2155 528 cumpedibus

315 541 489 573 existebat.
537 540 601 573 Cui
619 550 694 571 cum
711 540 882 570 Henricus
899 539 1048 570 diceret:
1073 537 1257 579 Jolzannes,
1273 539 1359 570 scias
1375 549 1445 570 esse
1460 539 1664 582 impossibile
1679 540 1769 581 quod
1782 540 1913 580 evadas,
1931 540 1987 571 ille
2005 538 2153 581 gladium
2200 538 2217 568 5

313 595 356 626 de
380 594 491 636 caliga
515 593 656 624 latenter
680 591 841 629 educens,
866 591 968 623 inruit
991 591 1025 622 in
1050 601 1138 630 eum,
1162 591 1340 633 ipsumque
1364 591 1398 622 in
1426 591 1539 633 capite
1571 591 1720 633 graviter
1750 591 1952 629 vulneravit,
1985 591 2031 623 ita
2063 589 2156 633 quod

314 647 369 679 vix
393 646 512 678 diebus
534 655 583 677 xv
606 645 812 686 supervissit.
859 645 959 677 Tunc
984 644 1147 676 satellites
1169 644 1344 686 potestatis
1367 645 1478 685 ipsum
1501 644 1656 685 protinus
1680 643 1891 676 occiderunt.
1917 645 1958 682 O,
1982 644 2067 675 mira
2087 650 2155 674 stu-

312 700 496 742 pendaque
520 699 665 731 audacia
681 703 715 730 et
733 708 791 730 ore
809 698 959 729 omnium
977 697 1202 740 divulganda!
1229 696 1316 734 Quis
1334 697 1425 729 enim
1442 707 1511 728 non
1526 697 1636 738 potuit
1652 697 1773 729 merito
1797 697 1965 735 admirari,
1983 697 2155 728 audiendo

313 752 484 784 hominem
508 752 669 790 vinctum,
687 751 807 789 solum,
832 751 967 782 armatis
990 751 1183 783 hominibus
1208 750 1482 791 cir'cunseptum,
1507 749 1669 782 invasisse
1694 750 1854 782 iuvenem
1870 750 2069 782 bellicosum
2086 749 2158 780 for-

313 811 382 837 tem
399 812 572 837 strenuum
589 811 624 837 et
639 804 825 836 terribilem
848 803 1018 836 inimicis?
1043 803 1161 835 Potest
1174 804 1290 845 itaque
1307 803 1391 834 illud
1407 803 1627 845 proverbium
1645 812 1718 835 esse
1742 813 1872 841 verum,
1889 803 1982 844 quod
2007 802 2064 845 qui
2087 801 2158 833 vult
2185 802 2223 833 10

314 858 410 897 mori,
432 868 549 901 regem
572 864 684 900 potest
708 856 879 890 occidere.

399 912 476 943 Hoc
499 917 654 953 tempore
677 910 889 953 Langravius
911 921 972 942 rex
994 910 1183 942 Alemanee
1208 909 1298 942 diem
1322 910 1441 941 clausit
1465 916 1667 947 extremum3
1692 909 1736 941 de
1761 909 1856 941 cuius
1879 914 1986 941 morte
2003 907 2160 940 Ecclesia

314 965 448 997 turbata
471 970 537 1002 est3
562 964 749 996 Federicus
772 963 953 1006 plurimum
978 970 1028 995 est
1056 963 1208 995 lectatus.

411 1018 544 1049 Eodem
569 1028 668 1055 anno,
693 1017 737 1049 de
760 1027 876 1048 mense
901 1017 1016 1055 madii,
1040 1016 1133 1048 venit
1156 1016 1343 1048 Federicus
1367 1016 1410 1047 de
1434 1015 1570 1058 Apulea
1597 1016 1631 1047 in
1662 1015 1903 1048 Lombardiam
1933 1025 2008 1046 cum
2036 1024 2159 1056 magno

314 1076 492 1113 apparatu;
516 1081 578 1112 pro
603 1069 804 1113 quibusdam
828 1069 973 1112 negotiis
995 1069 1202 1112 peragendis
1227 1075 1260 1100 et
1291 1069 1512 1111 disponendis
1535 1069 1686 1111 perrexit
1709 1079 1825 1101 versus
1848 1068 2045 1100 Taurinum.
2091 1066 2161 1098 Ubi
2187 1066 2224 1097 15

317 1124 396 1155 dum
419 1134 548 1155 moram
572 1123 715 1162 faceret,
746 1123 929 1155 bellicosus
959 1122 1079 1154 Entius
1110 1122 1181 1154 eius
1212 1122 1299 1154 filius
1327 1121 1498 1161 naturalis,
1524 1132 1600 1154 cum
1624 1122 1776 1154 exercitu
1799 1120 2079 1153 Cremonensium
2102 1119 2162 1150 ivit

313 1176 357 1208 ad
382 1175 615 1208 obsedendum
640 1175 812 1218 quoddam
838 1182 984 1207 castrum
1001 1175 1135 1214 Brissie,
1160 1175 1296 1206 nomine
1321 1174 1553 1212 Quincianum
1566 1174 1586 1206 ².
1633 1175 1734 1206 Tunc
1757 1174 1873 1206 habita
1896 1172 2160 1215 opportunitate,

316 1229 571 1272 consanguiney
594 1239 684 1271 pape
709 1228 874 1270 Inocentij
901 1235 934 1260 et
958 1228 1058 1260 amici
1076 1239 1193 1260 eorum
1206 1227 1228 1266 ³,
1253 1228 1310 1270 qui
1334 1228 1470 1259 fuerant
1493 1227 1536 1259 de
1559 1228 1682 1259 Parma
1706 1227 1848 1269 expulsi,
1873 1227 1915 1258 de
1937 1236 2076 1258 assensu
2099 1235 2162 1266 po-

312 1283 383 1325 puli
415 1283 449 1313 in
480 1282 594 1314 medio
618 1282 742 1313 mensis
774 1282 855 1313 iunii
887 1282 1108 1319 intraverunt,
1142 1288 1174 1313 et
1205 1287 1337 1313 mortuo
1361 1280 1550 1323 potestate4
1572 1287 1704 1323 partem
1721 1280 1880 1312 Federici
1904 1279 1984 1311 inde
2007 1278 2161 1320 protinus

315 1336 544 1378 expulserunt.
591 1336 631 1366 In
654 1345 797 1377 quorum
822 1335 982 1366 auxilium
1007 1335 1163 1366 dominus
1188 1334 1374 1377 Gregorius
1406 1334 1449 1365 de
1472 1334 1698 1377 Montelungo
1722 1334 1855 1376 legatus
1879 1331 1978 1365 Sedis
2002 1336 2161 1373 apposto-
2185 1330 2227 1360 20

316 1390 380 1421 lice
405 1400 482 1421 cum
504 1387 823 1420 Mediolanensibus
847 1393 881 1419 et
903 1387 1111 1420 Placentinis
1135 1394 1169 1419 et
1200 1387 1324 1419 comite
1349 1387 1468 1419 Sancti
1484 1387 1659 1430 Bonefatij
1686 1396 1762 1418 cum
1786 1385 1981 1417 Mantuanis
2003 1385 2162 1416 Parmam

316 1442 530 1475 velocissime
553 1442 766 1473 intraverunt
789 1441 967 1483 ipsamque
992 1441 1159 1473 velociter
1181 1440 1382 1478 munientes,
1408 1441 1451 1472 ad
1483 1440 1724 1472 defensionem
1753 1449 1788 1471 se
1812 1438 1995 1470 fortissime
2018 1446 2162 1479 parave-

313 1501 400 1527 runt.
449 1494 528 1532 Quo
553 1494 681 1532 audito,
705 1494 892 1526 Federicus
917 1504 993 1526 cum
1019 1494 1170 1526 exercito
1195 1493 1330 1525 infinito
1355 1498 1389 1525 et
1413 1503 1490 1525 cum
1514 1493 1706 1530 Excellino,
1739 1493 1796 1535 qui
1818 1496 2017 1534 perrexerat
2038 1491 2073 1521 in
2090 1490 2163 1521 eius

316 1547 486 1586 auxilium,
511 1547 714 1579 festinanter
738 1557 813 1578 cum
836 1547 955 1579 militia
977 1547 1207 1578 Marchariam
1221 1547 1232 1563 ⁵
1254 1547 1347 1579 venit
1371 1553 1404 1578 et
1422 1552 1701 1578 castramentatus
1726 1551 1777 1577 est
1799 1545 1894 1577 iuxta
1916 1544 2085 1581 Parmam,
2111 1543 2163 1573 fa-

317 1601 482 1643 ciensque
506 1600 554 1631 ibi
578 1599 760 1638 civitatem,
785 1611 886 1642 quam
909 1600 1100 1632 Victoriam
1124 1599 1323 1642 appellavit,
1350 1599 1465 1631 statuit
1489 1599 1631 1631 firmiter
1654 1609 1691 1631 se
1706 1599 1788 1631 inde
1804 1597 1898 1629 nullo
1915 1597 2018 1628 modo
2035 1595 2163 1627 disces-

313 1665 439 1693 surum,
464 1653 528 1685 nisi
551 1653 772 1684 Parmensem
790 1658 932 1694 caperet
951 1653 1137 1685 civitatem.
1183 1654 1211 1685 F
1215 1652 1354 1685 ederico
1377 1652 1478 1695 igitur
1511 1652 1723 1694 inpugnante
1747 1656 1780 1683 et
1816 1650 1974 1683 Ecclesia
1998 1659 2074 1681 cum
2097 1648 2164 1680 suis

316 1706 472 1739 fidelibus
495 1706 652 1739 Parmam
676 1706 754 1738 totis
778 1706 906 1738 viribus
931 1706 1151 1744 defendente,
1175 1712 1309 1748 tempus
1336 1717 1397 1738 sex
1419 1706 1584 1737 mensium
1602 1710 1652 1737 est
1669 1704 1734 1736 iarn
1750 1704 1913 1746 elapsum,
1931 1708 1964 1735 et
1981 1702 2164 1744 asperitate

313 1760 422 1804 yemis
446 1766 603 1802 cogente,
627 1759 746 1791 militia
777 1759 950 1790 civitatum
975 1770 1018 1790 ex
1048 1765 1193 1802 utraque
1215 1765 1313 1801 parte
1338 1759 1382 1791 ad
1413 1758 1553 1800 propria
1583 1763 1634 1789 est
1664 1768 1813 1789 reversa.
1859 1756 2048 1788 Federicus
2079 1764 2162 1786 vero

314 1813 476 1845 remansit
498 1813 533 1844 in
557 1812 724 1850 Victoria,
750 1822 826 1843 cum
850 1822 918 1843 non
942 1812 1080 1844 modica
1103 1812 1292 1854 quantitate
1317 1811 1500 1849 exercitus,
1528 1815 1716 1853 expectans
1740 1811 1889 1841 futuram
1914 1813 2067 1846 estatem,
2092 1807 2164 1838 ani-

314 1877 370 1898 mo
393 1866 558 1908 cupienti,
582 1865 617 1897 in
641 1876 708 1908 qua
733 1864 899 1897 credebat
922 1875 957 1896 se
981 1864 1139 1896 Parmam
1164 1865 1238 1896 sine
1262 1864 1367 1896 dubio
1393 1874 1603 1907 expugnare.
1651 1863 1711 1895 Set
1741 1862 1900 1894 “fallitur
1924 1861 2066 1904 augurio
2083 1871 2162 1902 spes
2186 1862 2227 1892 30

321 1922 335 1937 “
349 1920 440 1952 bona
463 1929 545 1961 sepe
569 1929 670 1957 suo„.

2187 1596 2205 1625 [Q

2210 1594 2227 1625 01

1106 2005 1340 2038 MchLVn
1341 2006 1372 2048 J.

402 2087 572 2119 Federico
604 2086 638 2118 in
670 2085 825 2118 Victoria
856 2086 1035 2124 existente,
1058 2086 1096 2116 in
1127 2085 1240 2117 medio
1272 2084 1398 2116 mensis
1429 2084 1595 2116 februarii
1627 2084 1761 2127 legatus
1793 2088 1827 2115 et
1850 2083 2051 2114 Parmenses
2078 2080 2164 2112 inito

317 2141 461 2174 consilio
486 2141 530 2172 de
554 2139 693 2172 civitate
718 2139 924 2171 unanimiter
948 2139 1137 2177 exiverunt,
1162 2139 1405 2180 inruentesque
1428 2138 1463 2169 in
1487 2137 1689 2175 Victoriam,
1713 2136 1822 2178 ipsam
1845 2136 1917 2168 sine
1941 2145 2037 2166 mora
2062 2143 2165 2176 cepe-

317 2200 405 2232 runt,
431 2199 633 2235 captamque
656 2192 812 2234 protinus
836 2198 1084 2224 cremaverunt.
1131 2191 1320 2224 Federicus
1351 2201 1445 2229 vero,
1477 2200 1594 2222 versus
1617 2190 1821 2222 Cremonam
1845 2188 1963 2230 fugam
1988 2187 2164 2228 arripiens,
2189 2184 2228 2218 35

315 2248 375 2279 vix
400 2248 523 2285 evaxit,
549 2246 693 2278 dimissis
710 2245 839 2278 ibidem
858 2245 987 2288 divitijs
1010 2245 1160 2277 infinitis.
1207 2244 1409 2276 Parmenses
1426 2249 1538 2275 autem
1554 2243 1666 2275 multis
1684 2242 1793 2285 captis
1810 2247 1844 2274 et
1860 2240 1985 2274 occisis
2001 2239 2044 2272 de
2062 2239 2166 2282 ipsius

317 2301 480 2339 exercitu,
505 2300 699 2333 carrocium
723 2299 826 2331 etiam
850 2299 1134 2331 Cremonensium
1157 2298 1360 2330 habuerunt.
1897 2303 1901 2308 ·

403 2354 505 2386 Circa
536 2353 602 2385 hec
630 2358 785 2394 tempora
816 2352 1013 2384 Inocentius
1043 2362 1145 2393 papa,
1169 2351 1310 2394 negotia
1341 2351 1498 2383 Ecclesie
1529 2360 1700 2393 peragens
1729 2348 1921 2391 vigilanter,
1953 2348 2101 2389 legatum
2130 2346 2164 2377 in

315 2406 539 2438 Alemaneam
562 2404 754 2444 destinavit,
780 2404 966 2447 citavitque
989 2404 1174 2447 principes,
1198 2410 1235 2435 ut
1259 2403 1427 2448 eligerent
1450 2403 1485 2434 in
1507 2413 1625 2446 regem
1643 2402 1789 2445 aliquem
1813 2401 1923 2434 virum
1939 2400 2113 2443 ydoneum
2132 2404 2165 2430 et

404 2544 428 2567 4.
448 2534 570 2567 vinctus]
589 2534 692 2559 iunctis
711 2535 754 2562 A:
774 2535 886 2559 vinctus
906 2535 985 2559 Amr.
1006 2535 1085 2559 Mun.
1104 2548 1136 2553 —-
1157 2542 1180 2566 9.
1194 2534 1451 2564 circumstemptum
1470 2533 1494 2556 A
1508 2546 1540 2550 -—-
1557 2539 1595 2557 12.
1616 2532 1780 2563 Iangravius
1798 2531 1822 2553 A
1842 2544 1874 2548 —
1892 2530 1932 2554 18.
1952 2529 2035 2554 amici
2054 2528 2163 2560 eorum]

317 2579 470 2602 amicorum
488 2577 511 2600 Α
533 2590 565 2594 -
588 2584 627 2608 19.
647 2577 675 2600 in
694 2577 718 2600 Α
739 2577 829 2601 occisa
848 2577 986 2600 cam-cllum
1000 2585 1012 2600 e
1025 2580 1162 2607 surrogato
1180 2584 1226 2600 con
1246 2576 1365 2599 mortuo.
1404 2575 1486 2604 Negli
1503 2575 1596 2598 Arum:
1616 2574 1711 2598 occiso
1733 2586 1765 2590 -—
1786 2571 1827 2597 26.
1848 2573 2012 2596 Parmenses
2030 2572 2164 2603 caperent

317 2620 462 2643 civitatem
481 2619 524 2646 Α,·
544 2619 570 2642 la
589 2619 682 2642 lezione
701 2620 816 2642 adottata
836 2619 879 2642 nel
897 2622 957 2643 testo
975 2619 988 2641 ἑ
1008 2618 1096 2648 quella
1115 2618 1187 2649 degli
1211 2619 1290 2642 ANN.
1328 2616 1355 2640 Il
1374 2617 1451 2640 Mun.
1463 2615 1500 2646 fa
1521 2618 1606 2647 punto
1632 2615 1694 2646 dopo
1714 2615 1823 2647 caperet
1848 2627 1881 2631 -
1900 2620 1944 2645 30.
1963 2611 2101 2646 cupienti]
2121 2619 2165 2636 ca-

319 2661 415 2693 piendi
434 2661 512 2685 MUR.
531 2662 703 2692 correggendo
723 2661 749 2684 B
766 2661 811 2684 che
830 2661 864 2684 lta
884 2660 1017 2692 cupiendi

408 2752 416 2769 ¹
436 2754 581 2779 Giovanni
601 2762 615 2778 e
635 2755 751 2779 Daniele
770 2755 804 2779 de
824 2755 985 2780 Scanarolis
1004 2763 1018 2779 e
1043 2757 1052 2779 ἰ
1078 2755 1138 2779 loro
1159 2755 1215 2787 figli
1358 2751 1368 2767 ³
1389 2753 1400 2777 1
1420 2752 1514 2782 Rossi,
1535 2753 1544 2777 i
1566 2751 1791 2784 Correggieschi,
1812 2751 1823 2775 i
1842 2751 1915 2783 Lupi
1934 2758 1988 2774 ece.
2197 2759 2228 2776 10

319 2804 390 2821 sono
408 2797 548 2827 compresi
562 2796 608 2821 fra
628 2798 637 2821 i
657 2797 749 2822 ribelli
763 2796 943 2830 dell’Impero
957 2798 1028 2822 nella
1042 2799 1171 2822 sentenza
1185 2797 1215 2821 di
1359 2793 1370 2809 ‘¹
1391 2795 1496 2827 Arrigo
1517 2795 1603 2819 Testa
1623 2793 1767 2818 d'Arezzo.

320 2838 452 2862 Federico
473 2839 516 2863 del
536 2845 566 2870 13
581 2840 687 2871 giugno
704 2845 771 2872 1239
787 2838 902 2870 (VERcr,
921 2839 978 2863 Cod.
994 2839 1064 2867 eccl„
1078 2839 1139 2865 doc.
1157 2844 1214 2872 152,
1358 2835 1369 2851 5
1389 2837 1465 2862 Sono
1481 2836 1525 2861 nel
1538 2843 1604 2860 vero
1617 2836 1656 2869 gli
1674 2835 1803 2863 Annales,
1822 2835 1871 2859 che
1883 2835 1979 2858 hanno
1999 2834 2164 2857 Marchiana.

320 2888 346 2914 p.
368 2885 426 2912 273.
1268 2879 1300 2903 In
1319 2878 1387 2910 ogni
1407 2878 1502 2909 modo,
1521 2878 1660 2904 Marcaria
1672 2876 1686 2902 ὲ
1706 2884 1802 2910 presso
1814 2877 1923 2909 l'Oglio
1941 2882 1957 2900 a
1971 2875 2120 2901 sud-ovest
2138 2875 2167 2899 di

408 2919 418 2936 ²
440 2920 590 2950 Quinzano
610 2928 626 2946 a
645 2922 834 2947 settentrione
854 2922 884 2948 di
903 2921 1053 2947 Cremona.
1268 2919 1413 2947 Mantova.
