2297 3476
160 972 249 991 ‘¹7²9'

277 2846 308 2862 10

331 165 378 198 82
960 160 1272 196 CHRONICON
1300 160 1532 196 ESTENSE
1864 166 1946 200 [ΑΑ.
1971 168 2165 200 1313-1314]

413 292 545 323 Eodem
563 290 740 321 millesimo
766 290 822 321 die
848 289 1020 320 dominico
1044 288 1221 320 Olivarum
1236 290 1256 320 ¹.
1303 289 1470 321 Dominus
1493 289 1734 332 Inghinolfus²
1757 290 1905 322 vicarius
1922 291 2050 323 domini
2073 292 2165 334 regis

326 344 470 377 Roberti
495 343 643 375 accessit
666 341 858 374 Ferrariam
883 341 916 372 in
941 347 1110 372 rectorem
1135 341 1227 372 dicte
1252 342 1398 373 civitatis
1422 342 1465 373 de
1489 353 1606 373 mense
1631 343 1758 384 aprelis
1782 349 1815 375 et
1839 343 1954 375 madii.
2001 344 2165 375 Dominus

325 397 523 430 Dalmaxius
548 406 625 427 cum
649 396 716 426 suis
740 394 944 436 sequacibus
968 394 1112 426 recessit
1136 394 1180 426 de
1204 395 1372 433 Ferraria,
1398 401 1432 426 et
1454 395 1592 427 iverunt
1608 395 1773 427 Venetias
1796 396 1841 427 ad
1863 396 2073 437 stipendium
2096 397 2166 428 Ve-

325 457 493 487 netorum,
511 455 545 481 et
561 448 725 479 miserunt
748 458 824 478 eum
841 447 966 491 Caram
982 447 1027 478 ad
1043 447 1243 478 faciendam
1259 457 1399 489 gueram
1417 458 1493 479 cum
1517 448 1666 480 inimicis
1689 448 1766 479 suis.
1812 448 1977 480 Dominus
1995 449 2164 487 Guardus,

326 504 383 546 qui
407 509 480 535 erat
502 502 536 533 in
560 501 700 533 Feraria
722 506 897 543 tamquam
923 500 1064 542 legatus,
1089 510 1166 531 cum
1183 500 1338 532 omnibus
1362 501 1430 532 suis
1453 501 1594 533 recessit
1620 502 1662 533 de
1686 501 1853 532 Ferraria.

412 556 543 587 Eodem
568 553 757 585 millesimo.
796 553 964 584 Dominus
980 553 1171 594 Imperator
1188 553 1342 585 discessit
1360 553 1462 591 Pixis,
1479 554 1599 585 volens
1615 555 1665 585 ire
1682 554 1717 585 in
1742 553 1913 595 Apuliam,
1931 560 1964 586 et
1989 565 2065 586 cum
2088 566 2166 596 per-

328 609 474 641 venisset
496 608 531 638 in
555 606 757 648 episcopatu
783 605 961 643 senarum,
986 605 1081 637 stetit
1102 616 1164 647 per
1187 606 1303 647 plures
1327 606 1410 643 dies,
1434 606 1481 637 ita
1509 607 1600 648 quod
1625 607 1718 638 cives
1741 606 1907 638 Senarum
1931 607 2099 639 timebant
2123 608 2165 639 de

327 672 420 693 mora
444 660 525 698 eius,
550 660 749 702 ignorantes
773 668 839 700 quo
863 658 968 689 vellet
991 668 1155 700 pergere3
1180 664 1213 690 et
1230 658 1275 690 ibi
1292 658 1377 690 fecit
1394 659 1545 700 dapnum
1568 659 1763 690 maximum.
1788 659 1832 691 Et
1856 670 1933 691 cum
1955 660 2167 701 pervenisset

324 711 633 747 Bonconventum³
657 712 691 743 in
717 711 809 743 dicto
834 710 1037 752 episcopatu
1062 711 1240 749 Senarum,
1265 711 1453 743 infirmatus
1470 717 1531 750 est,
1556 712 1602 743 ita
1627 712 1719 754 quod
1744 712 1799 744 die
1825 722 1933 743 xxnn
1959 713 2085 744 mensis
2109 724 2167 744 au-

324 767 413 811 gusti
438 765 566 798 clauxit
589 765 623 796 in
649 764 818 796 extremis.
854 763 1089 795 Incontinenti
1113 763 1238 796 milites
1262 764 1335 796 eius
1359 770 1527 806 ceperunt
1556 775 1680 806 corpus
1704 765 1776 796 eius
1801 771 1835 796 et
1862 765 2037 797 redierunt
2060 765 2166 803 Pisas,

327 826 360 852 et
384 819 512 851 deinde
537 818 779 850 conduxerunt
803 826 927 858 corpus
951 816 985 848 in
1009 816 1226 848 Alemaniam
1250 817 1293 848 ad
1318 818 1454 849 domum
1488 829 1593 855 suam,
1619 823 1654 849 et
1678 817 1726 850 ibi
1755 818 1976 860 sepellierunt
2008 829 2084 850 eum
2106 819 2169 851 ho-

324 873 468 905 norifice
483 877 548 903 etc.

1126 953 1342 986 Mcccxffl
1345 954 1374 996 J.

412 1041 465 1073 De
490 1050 607 1073 mense
631 1039 757 1082 aprelis
780 1044 859 1081 post
882 1039 993 1070 Pasca
1015 1039 1106 1070 inter
1130 1038 1224 1070 cives
1247 1038 1365 1070 Padue
1389 1039 1534 1070 surrexit
1566 1050 1682 1070 rumor
1706 1039 1871 1071 maximus
1894 1039 1984 1070 inter
2015 1039 2170 1071 dominos

325 1094 368 1125 de
393 1094 536 1127 Cararia
559 1099 593 1125 et
615 1092 868 1129 Macharuffos3
894 1097 1104 1134 quapropter
1128 1091 1251 1123 mortui
1278 1091 1420 1123 fuerunt
1437 1092 1594 1124 dominus
1611 1092 1732 1123 Petrus
1752 1093 1795 1123 de
1811 1091 2015 1131 Altechinis‚
2033 1098 2068 1123 et
2084 1092 2170 1123 filius

327 1146 409 1183 eius,
434 1146 593 1179 dominus
617 1145 759 1177 Roncus
783 1145 826 1176 de
850 1144 1010 1176 Ronchis
1026 1151 1060 1176 et
1076 1144 1244 1176 Guercius
1265 1143 1338 1175 eius
1354 1144 1452 1183 filius,
1471 1150 1503 1176 et
1520 1145 1652 1182 Frassa,
1669 1143 1878 1186 Prepositus,
1896 1144 1998 1182 Pax⁴,
2017 1150 2050 1176 et
2074 1144 2168 1175 multi

326 1199 369 1231 de
393 1199 469 1231 aliis
493 1199 635 1236 civibus,
660 1198 718 1240 qui
743 1208 861 1229 omnes
885 1196 1060 1229 habebant
1083 1203 1206 1228 statum
1231 1197 1427 1238 perfectum
1442 1198 1477 1228 in
1501 1197 1597 1228 dicta
1622 1197 1773 1229 civitate.
1822 1198 1860 1228 In
1884 1198 1951 1229 fine
1975 1197 2104 1229 domini
2127 1197 2170 1229 de

325 1252 467 1284 Cararia
491 1257 729 1283 remanserunt
752 1250 946 1292 superiores
970 1256 1004 1281 et
1040 1250 1170 1282 domini
1206 1250 1300 1281 dicte
1335 1250 1504 1287 civitatis:
1530 1256 1564 1281 et
1586 1256 1665 1291 post
1701 1250 1874 1282 modicum
1902 1257 2037 1292 tempus
2061 1250 2170 1282 domi-

324 1315 388 1336 nus
411 1304 560 1347 Jacobus
584 1304 626 1336 de
651 1304 793 1336 Cararia
817 1303 931 1334 factus
967 1308 1017 1334 est
1052 1303 1210 1334 dominus
1246 1303 1339 1334 dicte
1364 1302 1513 1334 civitatis
1526 1301 1546 1334 ⁵.

413 1355 547 1387 Eodem
570 1354 752 1386 millesimo
777 1359 811 1385 et
834 1362 951 1385 mense
969 1353 1095 1395 aprelis
1108 1351 1129 1384 ⁶.
1154 1353 1322 1385 Dominus
1345 1363 1436 1394 papa
1452 1353 1611 1385 Clemens
1634 1353 1761 1385 clauxit
1784 1354 1819 1385 in
1843 1353 2003 1386 extremis
2026 1353 2061 1384 in
2085 1353 2169 1385 civi-

325 1414 394 1440 tate
418 1407 598 1440 Avinionis
614 1413 678 1440 etc.

414 1460 544 1493 Eodem
561 1460 740 1493 millesimo
758 1465 792 1492 et
809 1460 852 1491 de
869 1469 986 1491 mense
1003 1459 1140 1501 aprelis.
1181 1459 1305 1491 Comes
1322 1459 1567 1502 Kamarlingus
1580 1459 1591 1475 ⁷
1608 1460 1703 1492 venit
1719 1460 1911 1492 Ferrariam
1928 1471 1990 1502 per
2005 1459 2169 1491 vicarium

326 1514 523 1556 generalem
546 1523 609 1555 pro
634 1513 773 1545 domino
797 1522 879 1554 rege
904 1511 1081 1549 Robert03
1107 1517 1141 1543 et
1165 1511 1287 1543 eodem
1318 1522 1409 1543 anno
1434 1518 1468 1544 et
1491 1518 1647 1554 tempore
1672 1513 1785 1544 dictus
1810 1511 1935 1544 Comes
1958 1512 2104 1544 recessit
2127 1512 2170 1544 de

326 1567 465 1599 civitate
488 1566 655 1605 Ferrarie,
680 1571 714 1597 et
736 1565 800 1597 ivit
816 1565 974 1597 Castrum
992 1575 1071 1596 caro
1085 1564 1096 1580 ⁸
1119 1565 1154 1596 in
1172 1564 1333 1597 districtu
1350 1564 1491 1596 Forlivii
1515 1575 1592 1596 cum
1616 1565 1770 1597 exercitu
1786 1575 1859 1603 suo,
1873 1565 1990 1597 volens
2014 1566 2169 1598 domina-

326 1621 455 1652 tionem
479 1620 628 1652 civitatis
651 1618 806 1655 Forlivii3
834 1624 868 1650 et
891 1619 959 1649 iam
982 1618 1107 1660 pignus
1131 1617 1281 1650 habebat
1305 1618 1339 1649 in
1357 1618 1472 1660 aliqua
1487 1624 1597 1660 parte,
1612 1619 1691 1661 quia
1716 1619 1849 1650 fecerat
1874 1618 2044 1650 carcerari
2069 1618 2170 1650 Scar-

326 1679 464 1715 pectam
489 1673 532 1705 de
556 1672 729 1705 Ordilaffis
754 1678 789 1704 et
810 1672 953 1703 fratrem
976 1672 1048 1703 eius
1072 1677 1106 1703 et
1129 1677 1290 1712 nepotem
1309 1672 1381 1702 eius
1403 1671 1438 1702 in
1463 1671 1658 1703 carceribus
1677 1672 1762 1704 dicti
1786 1672 1897 1704 Castri
1922 1672 2004 1703 cari.
2052 1672 2112 1704 Set
2135 1672 2168 1703 in

324 1727 391 1758 fine
424 1736 493 1758 non
523 1726 634 1767 potuit
664 1725 793 1756 habere
827 1723 1011 1762 civitatem,
1046 1730 1098 1756 set
1133 1724 1240 1756 voluit
1273 1735 1293 1755 a
1327 1724 1422 1756 dicto
1459 1724 1640 1766 Scarpetta
1671 1725 1819 1757 florenos
1849 1728 1917 1756 xvm
1940 1725 2024 1763 auri,
2056 1730 2091 1757 et
2121 1725 2169 1756 sic

326 1780 445 1812 habuit
453 1792 462 1817 ς
486 1784 607 1820 postea
630 1778 756 1810 redivit
780 1777 985 1815 Ferrariam,
1010 1783 1043 1809 et
1066 1777 1115 1809 ibi
1140 1778 1235 1809 stetit
1258 1788 1319 1819 per
1348 1778 1523 1809 modicum
1547 1784 1693 1820 tempus.
1739 1778 1865 1810 Postea
1888 1778 2031 1811 recessit
2054 1785 2088 1811 et
2111 1779 2171 1810 ivit

324 1843 442 1865 versus
465 1832 688 1869 Florentiam,
713 1837 748 1863 et
772 1841 848 1862 cum
882 1840 922 1862 eo
957 1830 1054 1862 duxit
1078 1830 1255 1873 Acconem
1279 1831 1386 1862 filium
1418 1832 1593 1873 quondam
1617 1831 1706 1863 bone
1737 1832 1900 1864 memorie
1931 1832 2060 1863 domini
2082 1843 2170 1863 mar-

329 1885 461 1917 chionis
483 1884 661 1917 Francisci
686 1884 729 1916 de
755 1884 857 1916 domo
883 1884 1030 1922 Estensi,
1055 1889 1089 1915 et
1113 1883 1156 1915 de
1181 1883 1255 1915 aliis
1279 1883 1473 1915 melioribus
1506 1884 1637 1915 civibus
1660 1884 1827 1923 Ferrarie,
1852 1886 1948 1927 quasi
1971 1896 2034 1927 per
2056 1885 2172 1916 hosta-

327 1939 431 1976 ticos3
457 1944 492 1970 et
515 1937 640 1969 multos
663 1937 748 1968 alios
772 1937 991 1968 Ferarienses
1014 1936 1130 1978 posuit
1153 1936 1189 1967 in
1213 1937 1412 1969 confinibus.

414 1991 548 2023 Eodem
572 1990 750 2022 millesimo
774 1995 808 2022 et
825 1989 1057 2022 incontinenti
1081 1989 1238 2021 dominus
1261 1989 1367 2021 Pinus
1392 1990 1435 2022 de
1453 1991 1486 2021 la
1502 1991 1601 2022 Toxa
1616 1991 1659 2022 de
1677 1991 1855 2022 Florentia
1870 1991 1965 2023 venit
1980 1992 2173 2023 Ferrariam

326 2044 472 2077 vicarius
496 2044 587 2076 dicte
612 2042 761 2075 civitatis
785 2043 828 2075 de
852 2053 969 2074 mense
993 2042 1078 2086 junii
1100 2052 1164 2084 pro
1189 2043 1284 2075 dicto
1309 2054 1390 2087 rege
1409 2043 1588 2081 Robert0;
1613 2049 1732 2085 postea
1753 2044 1797 2076 de
1821 2054 1935 2075 mense
1959 2044 2094 2087 augusti
2118 2045 2171 2076 fe—

328 2098 375 2131 cit
397 2098 505 2140 incipi
528 2107 642 2129 muros
667 2096 816 2128 civitatis
840 2096 1014 2133 Ferrarie;
1041 2107 1106 2138 que
1131 2096 1344 2128 circumdata
1377 2102 1411 2128 et
1436 2097 1609 2139 completa
1638 2097 1705 2129 suit
1729 2108 1825 2129 muro
1849 2097 1886 2128 in
1909 2097 2043 2129 duobus
2065 2098 2170 2129 annis.

416 2151 549 2183 Eodem
567 2149 749 2181 millesimo
764 2150 807 2182 de
821 2159 935 2181 mense
951 2148 1046 2192 junii.
1093 2149 1259 2181 Dominus
1272 2149 1477 2181 Franciscus
1491 2150 1534 2181 de
1548 2150 1766 2182 Menabobus
1784 2151 1826 2182 de
1839 2151 1998 2182 Ferraria
2014 2150 2174 2192 bapnitus
2223 2151 2235 2158 ⁶

329 2205 372 2237 de
397 2204 534 2236 civitate
558 2202 716 2234 Ferrarie
741 2209 775 2234 et
797 2202 932 2234 rebellis
957 2208 1074 2234 sancte
1093 2202 1265 2241 Ecclesie,
1296 2213 1372 2234 cum
1396 2203 1511 2234 multis
1535 2203 1612 2235 aliis
1629 2203 1890 2236 Ferariensibus
1913 2204 2071 2246 bapnitis‚
2096 2215 2173 2236 cum

329 2257 455 2289 navilio
479 2257 622 2289 Mantua
647 2261 815 2288 venerunt
838 2266 900 2297 per
923 2255 1055 2287 Padum
1080 2255 1270 2287 Ferrariam
1294 2267 1401 2298 usque
1426 2256 1576 2298 Burgum
1594 2257 1807 2298 superiorem
1831 2257 1980 2289 civitatis
2003 2257 2173 2295 Ferrarie‚

416 2407 470 2432 3-4.
490 2401 571 2423 venet
590 2399 613 2422 Α
630 2413 661 2417 —-
674 2398 699 2423 6.
714 2399 757 2422 nel
770 2400 888 2430 margine
906 2399 1013 2422 sinistro
1024 2397 1099 2428 forse
1119 2399 1188 2422 della
1206 2402 1284 2422 stessa
1297 2407 1372 2422 mano
1392 2401 1420 2422 in
1440 2399 1482 2422 A:
1505 2399 1602 2431 [m]ors
1618 2399 1795 2432 imperatoris
1816 2399 1932 2423 Henrici
1946 2412 1978 2416 -
1995 2406 2034 2423 11.
2048 2406 2111 2424 eum
2124 2408 2170 2423 om.

329 2442 407 2467 Mna.
427 2454 460 2459 —
481 2449 521 2473 14.
541 2440 683 2472 dominos]
704 2441 774 2465 duos
794 2441 819 2463 B
832 2440 910 2465 Mun.
929 2454 962 2458 —
983 2447 1023 2464 20.
1038 2441 1067 2463 in
1081 2442 1200 2471 margine
1214 2449 1229 2464 a
1243 2442 1329 2463 dcstra
1348 2441 1464 2464 dimano
1477 2442 1572 2464 seriore
1586 2443 1614 2464 in
1628 2442 1650 2464 Α
1662 2450 1670 2465 .·
1692 2441 1744 2464 Hic
1759 2441 1814 2464 tuit
1838 2440 1990 2465 Catalanus
2009 2442 2036 2465 et
2056 2442 2173 2466 donavit

330 2485 486 2508 Ferrariam
506 2483 613 2508 Xancie
631 2483 757 2506 consorti
776 2483 893 2506 Roberti
911 2482 1010 2507 Sicilie
1038 2484 1120 2514 regis.
1157 2482 1211 2505 Nel
1228 2484 1347 2513 margine
1367 2484 1396 2505 di
1420 2484 1506 2506 dextra
1517 2483 1593 2514 forse
1612 2484 1642 2506 di
1666 2491 1740 2506 mana
1766 2484 1794 2505 di
1815 2482 1860 2505 clei
1877 2483 1946 2513 copie>
1968 2483 1991 2505 il
2012 2483 2171 2506 Chronicon:

333 2532 408 2550 mors
427 2525 536 2549 domini
556 2526 631 2556 Pape
651 2524 800 2550 Clementis
815 2537 847 2541 —
862 2531 904 2548 22.
919 2524 1070 2548 millesimo
1090 2526 1116 2548 et
1136 2525 1168 2548 de
1187 2532 1233 2548 om.
1249 2524 1325 2549 Mun.
1340 2538 1372 2542 —
1388 2531 1478 2555 2²·23·
1491 2532 1540 2557 per
1553 2525 1689 2549 vicarIum
1708 2523 1875 2557 generalem]
1895 2524 2018 2549 vicarius
2037 2525 2173 2556 generans

332 2567 410 2591 Murz.
431 2580 462 2583 —
483 2573 526 2598 29.
545 2566 588 2589 nel
606 2567 726 2597 margine
751 2567 780 2588 dz'
804 2567 890 2589 dcstra
910 2567 939 2588 di
958 2574 1032 2589 mano
1057 2567 1153 2589 seriore
1172 2566 1201 2588 in
1220 2566 1261 2589 A:
1289 2567 1349 2599 Aeo
1375 2567 1518 2591 Francisci
1543 2567 1687 2591 interfecti
1714 2567 1742 2590 in
1769 2567 1850 2598 porta
1870 2566 1975 2590 Leonis
1994 2566 2119 2591 Ferrarie
2139 2580 2172 2584 —

331 2617 373 2641 34.
392 2609 435 2632 nel
453 2609 572 2639 margine
592 2609 622 2631 di
639 2608 725 2631 (ἴω-ινα
745 2608 774 2630 di
792 2615 866 2630 mano
878 2608 973 2631 seriore
992 2609 1021 2630 in
1040 2608 1080 2631 A:
1102 2608 1240 2640 Deinceps
1258 2608 1372 2632 Feraria
1393 2616 1472 2633 muro
1485 2609 1576 2633 cincta

424 2704 432 2721 ¹
453 2707 468 2731 8
488 2707 582 2739 aprile.
1128 2715 1131 2719 ¹
1371 2704 1382 2720 ⁵
1405 2713 1436 2737 14
1455 2706 1551 2739 aprile.

424 2746 435 2761 ²
454 2746 612 2779 Inglinolfo
633 2755 650 2772 o
666 2747 807 2772 Adenolfo
828 2747 980 2780 d’Aquino.
1371 2746 1381 2761 '¹'
1400 2749 1491 2780 Diego
1510 2748 1648 2776 catalano,
1668 2748 1717 2771 che
1735 2747 1779 2771 nel
1804 2752 1868 2777 1307
1889 2747 2015 2771 militava
2035 2748 2064 2770 in
2079 2746 2175 2772 favore

423 2787 434 2803 ³
453 2790 678 2814 Buonconvento
698 2797 714 2814 a
734 2796 766 2822 23
786 2790 832 2814 kil.
852 2790 916 2813 S-E.
936 2790 971 2814 da
990 2789 1084 2814 Siena.
1284 2789 1384 2814 d‘Azzo
1406 2791 1481 2814 sotto
1502 2790 1632 2821 Ostiglia.

424 2830 435 2846 ⁴
456 2830 555 2858 Questi
574 2833 614 2855 tre
634 2839 698 2855 eran
719 2831 775 2863 figli
795 2830 952 2861 (MUSSATO,
965 2832 1006 2854 De
1022 2833 1103 2863 gestis
1122 2831 1226 2855 Italico·
1368 2828 1379 2843 ⁸
1400 2832 1567 2855 Castrocaro
1581 2830 1698 2854 castello
1715 2830 1758 2854 nel
1772 2837 1889 2854 comune
1903 2830 1932 2854 di
1954 2830 2041 2853 Terra
2055 2830 2098 2854 del
2112 2828 2176 2854 Sole

334 2881 406 2901 rum,
426 2873 454 2896 in
474 2873 533 2896 RR.
552 2872 588 2896 II.
609 2873 669 2901 SS„
690 2873 722 2903 X,
741 2873 792 2897 col.
814 2872 874 2904 507)
894 2873 924 2898 di
943 2873 1036 2898 Pietro
1057 2873 1208 2898 Altechini.
1283 2873 1311 2896 in
1336 2873 1473 2899 Toscana.

422 2913 433 2930 ⁵
456 2920 485 2947 15
506 2915 596 2947 luglio
620 2916 694 2947 1318.

2195 767 2232 797 10

2197 1092 2232 1123 15

2194 1355 2235 1384 20

2195 1618 2234 1649 25

2207 2794 2235 2819 ¹5
