2297 3476
145 1400 178 1416 κ..
194 1394 233 1413 310

146 1918 166 1933 c.
181 1914 238 1935 3⁶³)

317 158 363 191 24
948 156 1261 191 CHRONICON
1288 155 1519 191 ESTENSE
1852 162 1935 196 [ΑΑ.
1957 164 2153 196 12524254]

309 288 543 329 deprehensus
566 287 693 324 fuisset,
717 288 790 318 sine
814 287 987 318 audientia
1012 287 1119 318 oculis
1143 287 1198 318 vel
1222 287 1367 328 pedibus
1392 293 1425 319 et
1442 286 1597 319 manibus
1612 287 1829 330 privabatur;
1856 299 1919 320 nec
1937 289 2052 331 aliqua
2076 300 2152 320 eum

308 346 442 382 poterat
466 340 641 372 excusatio
664 339 819 371 liberare.
867 339 964 371 Talis
988 346 1060 371 erat
1084 345 1191 371 status
1215 339 1509 371 'commorantium
1534 341 1568 371 in
1591 340 1760 379 Marchia‚
1785 342 1851 373 tale
1883 342 2053 384 siquidem
2081 347 2153 373 erat

311 394 498 425 dominium
527 392 685 425 Ecellini.
732 392 785 424 De
811 392 1018 424 crudelitate
1041 392 1156 434 itaque
1179 393 1303 434 perfidi
1328 393 1477 425 Ecellini
1500 403 1613 435 pauca
1644 394 1907 435 perstrinsimus‚
1938 405 2017 427 nam
2041 395 2155 436 expri-

310 456 402 477 mere
427 445 531 486 ipsius
554 456 596 476 ex
619 450 690 476 toto
716 445 880 477 malitiam
904 444 961 476 vix
984 451 1098 486 posset
1121 446 1274 478 facunda
1297 445 1488 487 loquacitas
1511 446 1606 477 Tulii
1631 446 1686 477 vel
1710 446 1875 479 Maronis.

1133 551 1297 583 Mchn
1301 552 1331 594 J.

396 622 572 654 Ecellinus
596 622 706 654 nullas
730 623 793 653 nisi
819 623 985 664 sanguine
1003 623 1079 654 fuso
1097 623 1251 664 gaudens
1268 621 1398 654 habere
1414 623 1496 661 vias,
1514 629 1582 654 tam
1598 623 1633 654 in
1658 623 1799 655 Verona
1821 634 1922 666 quam
1948 624 1981 654 in
1997 623 2155 656 Marchia

309 674 469 705 universa
492 673 715 704 vehementer
736 672 860 704 iterum
883 683 1021 704 manum
1045 673 1091 704 ad
1114 673 1402 705 incarcerandum
1427 679 1462 705 et
1485 673 1717 705 occidendum
1740 674 1910 711 extendit;
1935 674 2156 716 implevitque

311 725 464 755 civitates
487 728 521 755 et
544 728 657 754 castra
689 724 916 765 captivorum,
949 733 1034 765 quos
1064 724 1156 754 fame
1188 722 1304 755 oribili
1336 723 1517 766 affligebat.
1564 724 1631 755 Pre
1662 724 1763 755 famis
1794 730 1907 756 autem
1939 730 1972 756 et
1995 725 2066 756 sitis
2095 736 2156 756 an-

310 773 430 817 gustia,
454 774 542 815 proh
579 774 689 812 dolor,
724 774 877 816 quelibet
901 774 1076 805 immunda
1107 774 1222 805 miseri
1255 774 1485 812 commedere,
1509 784 1550 806 ac
1574 774 1706 806 urinam
1731 785 1807 807 cum
1833 775 1996 807 aviditate
2020 775 2156 817 inoppi-

308 825 377 856 nali
400 824 521 857 bibere
545 825 775 867 cogebantur3
801 831 834 856 et
858 835 926 856 non
950 835 1094 866 parvum
1119 824 1316 857 benefitium
1342 825 1545 867 impendere
1569 825 1762 867 putabatur,
1787 826 1843 867 qui
1876 826 1972 858 urine
2002 836 2061 857 sue
2093 836 2154 867 po-

308 882 379 908 tum
402 876 606 918 dignabatur
629 876 723 907 sotiis
746 876 924 918 impertiri.
972 877 1100 908 Fector
1123 876 1226 908 etiam
1257 876 1482 908 intolerabilis
1514 882 1548 908 et
1579 887 1639 908 aer
1671 882 1834 918 coruptus
1866 876 2030 919 calorque
2056 876 2157 908 nimis

308 932 342 958 et
365 926 506 958 tenebre
529 926 577 958 ita
601 926 740 958 oribiles
765 932 862 958 erant
885 927 918 957 in
943 926 1140 958 carceribus
1164 926 1325 964 Ecellini,
1351 926 1444 968 quod
1470 926 1597 968 captivi
1616 927 1675 958 vix
1691 933 1850 968 poterant
1865 927 2037 969 respirare
2045 940 2053 965 3
2071 927 2156 958 mul-

308 978 402 1020 tique
427 977 501 1009 istis
526 978 568 1009 de
594 977 706 1009 causis
730 977 886 1019 spiritum
913 977 1121 1010 exallabant.
1168 978 1331 1009 Preterea
1355 983 1447 1009 tanta
1472 984 1543 1009 erat
1567 978 1601 1008 in
1627 978 1675 1009 eis
1699 978 1881 1010 multitudo
1898 978 2074 1009 hominum
2092 978 2155 1009 mi-

309 1027 517 1067 serabilium,
541 1029 634 1070 quod
657 1029 706 1060 ita
729 1037 816 1060 unus
840 1028 943 1060 alium
969 1027 1230 1070 comprimebat,
1256 1028 1350 1070 quod
1374 1039 1439 1060 nec
1472 1029 1583 1060 iacere
1614 1034 1751 1070 poterat
1778 1029 1902 1071 aliquis
1929 1039 1993 1061 nec
2025 1029 2156 1061 sedere.

307 1079 471 1121 Corporis
494 1089 577 1111 vero
602 1079 763 1111 debilitas
787 1079 881 1111 nullo
905 1080 1008 1111 modo
1033 1090 1135 1121 super
1158 1079 1266 1121 pedes
1292 1079 1482 1111 consistere
1498 1079 1746 1121 permictebat3
1765 1080 1894 1112 clamor
1909 1086 2023 1111 autem
2040 1080 2157 1123 lugen-

308 1131 390 1162 tium
415 1136 449 1162 et
465 1130 670 1162 dicentium:
703 1131 755 1171 Ve,
780 1141 829 1170 ve,
847 1136 880 1162 et
896 1130 1135 1172 percussiones
1151 1141 1311 1162 manuum
1328 1130 1375 1162 ita
1391 1131 1530 1162 horride
1547 1130 1787 1172 personabant,
1804 1131 1897 1172 quod
1914 1140 1983 1162 non
2001 1140 2158 1163 carceres

307 1181 507 1220 manufacti,
538 1186 590 1213 set
614 1181 786 1224 ergastula
809 1181 993 1213 infernalia
1018 1187 1051 1212 et
1075 1191 1164 1223 pene
1188 1181 1319 1213 inflicte
1345 1192 1364 1213 a
1389 1182 1591 1213 demonibus
1615 1182 1735 1213 merito
1759 1181 1976 1223 putabantur,
2005 1182 2084 1224 quia
2110 1180 2157 1213 ibi

308 1232 402 1263 nulla
425 1232 573 1274 requies,
598 1232 691 1263 nulla
715 1232 918 1270 consolatio,
944 1232 1038 1263 nulla
1061 1243 1140 1274 spes
1163 1232 1410 1274 redemptionis
1434 1243 1454 1263 a
1477 1233 1575 1264 malis
1603 1232 1704 1264 illatis
1737 1238 1771 1264 et
1803 1232 2024 1264 iminentibus
2054 1232 2158 1265 habe-

310 1283 419 1315 batur.
465 1282 562 1314 Mors
586 1282 633 1315 ibi
657 1293 787 1315 summo
812 1283 986 1315 desiderio
1012 1283 1230 1325 querebatur,
1254 1288 1291 1314 ut
1315 1283 1417 1314 finem
1434 1283 1628 1325 imponeret
1645 1283 1746 1314 tantis
1762 1283 1875 1320 malis3
1900 1283 2048 1315 moriens
2066 1283 2157 1314 enim

309 1333 343 1364 in
367 1333 427 1364 tali
451 1339 539 1364 statu
563 1333 701 1365 vivente
725 1334 864 1365 felicior
890 1334 1104 1366 credebatur.
1151 1334 1190 1365 In
1215 1334 1334 1365 mortis
1358 1345 1440 1366 vero
1466 1334 1610 1366 articulo
1635 1334 1809 1366 constituti
1826 1334 1992 1371 confiteri,
2010 1344 2088 1365 cum
2103 1345 2157 1365 sa-

313 1383 520 1423 cerdotibus,
546 1390 579 1415 et
601 1395 714 1415 rerum
738 1395 874 1416 suarum
898 1384 1191 1426 disponendarum
1216 1384 1389 1416 licentiam
1414 1384 1508 1416 nullo
1532 1385 1634 1416 modo
1659 1384 1828 1426 po'terant
1846 1384 2010 1416 obtinere.
2045 1385 2090 1417 Et
2105 1385 2159 1417 fe-

309 1433 469 1466 rebantur
493 1435 608 1476 itaque
633 1435 759 1467 cotidie
784 1445 931 1477 corpora
956 1435 1107 1467 extincta
1133 1436 1175 1467 de
1201 1435 1397 1466 carceribus
1422 1435 1623 1473 tenebrosis,
1648 1446 1712 1467 nec
1737 1435 2004 1477 permictebatur
2033 1435 2158 1477 aliquis

309 1485 469 1527 sepelliri,
494 1485 556 1516 nisi
579 1485 673 1527 prius
696 1486 948 1517 evidentissime
971 1486 1185 1527 probaretur,
1211 1486 1284 1528 quis
1309 1492 1396 1518 esset
1420 1486 1473 1517 vel
1497 1485 1600 1524 unde,
1617 1486 1677 1529 qui
1694 1486 1892 1518 benefitium
1909 1485 2059 1518 debebat
2076 1496 2160 1518 con-

310 1535 406 1577 sequi
429 1536 611 1577 sepulture.
658 1536 703 1568 Et
727 1546 769 1568 ex
793 1537 860 1568 hoc
885 1537 1046 1569 custodes
1071 1547 1248 1568 carcerum
1272 1537 1447 1569 faciebant
1471 1537 1545 1569 fieri
1562 1537 1786 1568 instrumenta
1802 1536 1952 1579 publica,
1969 1542 2007 1568 ut
2022 1536 2159 1568 indubi-

310 1594 423 1620 tanter
446 1595 584 1630 possent
608 1595 779 1632 tyranpno
797 1589 940 1621 sollicite
958 1590 1071 1621 omnia
1087 1589 1273 1631 inquirenti
1295 1590 1476 1622 ostendere
1501 1596 1710 1621 mortuorum
1735 1600 1912 1621 numerum
1936 1596 1970 1621 et
1992 1589 2159 1621 vivorum.

311 1641 372 1673 Set
395 1642 478 1683 quia
500 1642 640 1684 longum
665 1648 754 1674 esset
777 1643 910 1685 singula
933 1642 1066 1674 scelera
1090 1643 1249 1685 tyranpni
1274 1642 1540 1684 nephandissimi
1566 1652 1738 1681 enarrare,
1770 1643 1938 1675 sufficiant
1962 1643 2028 1674 hec
2051 1652 2162 1684 pauca

312 1694 354 1725 de
379 1694 532 1735 plurimis
556 1704 629 1726 esse
654 1695 757 1734 dicta,
781 1695 931 1737 satisque
955 1695 1008 1733 sit,
1033 1705 1094 1726 nos
1112 1701 1146 1726 et
1162 1695 1196 1725 in
1215 1695 1372 1727 omnibus
1389 1695 1650 1728 crudelitatibus
1666 1705 1735 1727 non
1752 1695 1952 1727 subtrahere
1969 1695 2161 1733 veritatem,

312 1752 345 1778 et
368 1747 403 1777 in
426 1747 539 1778 multis
563 1747 738 1779 fastidium
764 1748 900 1779 evitare.
985 1736 989 1743 '

1137 1833 1330 1866 MCCLIV.

402 1904 487 1936 Cum
511 1913 573 1935 rex
598 1903 777 1935 Conradus
801 1904 934 1936 duobus
951 1905 1049 1936 annis
1064 1914 1209 1947 regnum
1225 1904 1351 1946 Apulie
1368 1905 1540 1943 tenuisset,
1558 1904 1614 1936 die
1630 1915 1682 1937 ΧΠ
1702 1911 1847 1937 exeunte
1870 1904 1998 1937 'madio
2015 1914 2160 1948 regnum

311 1962 344 1987 et
361 1956 465 1988 vitam
489 1957 587 1988 simul
603 1957 779 1994 admixit1;
804 1963 882 1998 post
906 1958 1001 1989 cuius
1026 1957 1205 1989 decessum
1230 1958 1450 1990 Innocentius
1474 1969 1564 2000 papa
1587 1958 1622 1989 in
1645 1969 1747 1990 manu
1765 1957 1879 1990 valida
1902 1957 2041 1990 intravit
2064 1956 2162 1999 Apu—

315 2009 392 2040 liam
418 2015 451 2041 et
474 2010 591 2041 sedem
620 2020 713 2041 suam
739 2010 811 2041 fixit
835 2011 928 2052 apud
952 2010 1147 2052 Neapolim,
1173 2010 1216 2042 ad
1241 2011 1336 2042 cuius
1360 2011 1567 2053 presentiam
1592 2021 1710 2043 omnes
1733 2011 1908 2053 principes
1929 2010 2055 2052 Apulie
2080 2020 2163 2042 con-

313 2068 490 2100 venerunt,
514 2062 719 2094 Manfredus
737 2063 836 2094 etiam
853 2064 1016 2105 princeps
1032 2064 1175 2095 Taranti
1193 2063 1280 2095 filius
1296 2065 1324 2095 F
1328 2064 1467 2103 ederici‚
1485 2064 1598 2096 eidem
1614 2064 1861 2096 subiectionem
1890 2070 1923 2095 et
1947 2063 2163 2095 devotionem

312 2115 346 2146 in
369 2115 525 2147 omnibus
549 2116 775 2158 proferentes.
823 2116 910 2148 Cum
935 2117 1038 2160 igitur
1062 2116 1175 2159 capud
1199 2117 1372 2159 magnifici
1404 2117 1595 2149 innocentii
1618 2115 1707 2149 1111¹³
1732 2117 1840 2149 nubes
1864 2115 2035 2149 excedere
2067 2116 2162 2148 vide-

313 2174 417 2207 retur,
443 2169 531 2201 sicut
554 2170 687 2210 placuit
711 2169 769 2208 illi,
794 2169 827 2200 in
853 2169 948 2200 cuius
971 2181 1090 2201 manus
1113 2176 1190 2201 sunt
1215 2180 1333 2202 omnes
1358 2171 1443 2202 fines
1468 2176 1569 2208 terre,
1595 2177 1627 2202 et
1652 2170 1753 2202 etiam
1778 2169 1973 2201 altitudines
2000 2168 2164 2201 montium

314 2222 574 2264 contemplatur,
599 2222 733 2253 decimo
758 2222 813 2254 die
838 2222 1063 2264 septembris²
1086 2223 1178 2264 apud
1203 2223 1385 2265 Neapolim
1409 2229 1526 2255 nature
1544 2223 1676 2265 legibus
1699 2223 1875 2255 satisfecit.
1922 2223 1986 2254 Cui
2002 2221 2165 2254 successit

313 2275 514 2306 Alexander
530 2281 679 2317 quartus,
697 2275 754 2317 qui
770 2275 863 2317 prius
880 2282 953 2308 erat
971 2276 1152 2318 episcopus
1169 2276 1323 2308 ostiensis
1336 2276 1357 2307 ³³.
1383 2277 1471 2307 Dum
1496 2282 1607 2308 autem
1631 2276 1832 2319 magnificus
1856 2275 2053 2307 Inocentius
2076 2280 2165 2306 esset

314 2328 429 2360 mortis
453 2328 597 2360 articulo
622 2328 836 2365 constitutus,
861 2328 995 2370 iamque
1020 2329 1113 2360 illum
1144 2329 1346 2361 versiculum
1379 2330 1578 2371 frequenter
1609 2335 1798 2371 repeteret:
1831 2328 1986 2370 Domine,
2018 2331 2166 2371 propter

314 2382 525 2424 iniquitatem
549 2382 755 2424 conrzpm'stz'
774 2382 950 2413 hominem.
982 2382 1188 2414 Manfredus
1212 2383 1373 2414 naturalis
1395 2383 1483 2414 filius
1506 2383 1680 2420 Federici‚
1705 2381 1883 2424 impatiens
1907 2381 2050 2414 dominii
2073 2381 2166 2413 sedis

315 2434 511 2475 apostolice,
534 2435 601 2465 iam
624 2434 765 2466 rebellis
790 2435 946 2473 effectus,
971 2445 1130 2477 magnam
1154 2442 1301 2478 stragem
1327 2436 1467 2468 militum
1484 2435 1642 2468 Ecclesie
1666 2436 1758 2477 apud
1781 2436 1809 2466 F
1812 2435 1921 2466 ociam
1945 2433 2164 2476 perpetravit.

389 2553 409 2569 1.
431 2547 616 2578 privabantur
634 2547 700 2569 A—
720 2552 742 2577 7.
763 2547 864 2570 iterum
879 2545 1004 2578 manum]
1024 2547 1080 2571 iter
1101 2554 1215 2572 manum
1233 2548 1256 2571 Α
1276 2562 1307 2565 -
1329 2548 1352 2572 3.
1367 2555 1416 2580 pre
1437 2548 1512 2572 Mun.
1535 2548 1692 2580 Anxapro
1711 2547 1734 2570 A
1747 2561 1779 2564 —
1794 2555 1819 2579 9.
1839 2547 1911 2580 proh
1924 2546 2016 2577 dolor]
2037 2553 2089 2578 pro
2109 2546 2159 2569 do-

315 2588 373 2612 lore
388 2588 428 2615 Α,·
449 2588 526 2620 proh,
541 2588 645 2612 dolore*
658 2588 684 2611 la
698 2589 791 2612 lezz'one
810 2589 882 2620 degli
900 2589 979 2613 ANN.
1005 2589 1108 2620 seguz‘ta
1127 2590 1206 2612 anche
1226 2589 1272 2613 dal
1297 2591 1374 2614 MUR.
1394 2603 1404 2607 -
1423 2590 1548 2622 quelibet
1562 2589 1707 2614 immunda
1728 2589 1821 2614 miseri
1839 2590 1916 2613 Mun.
1942 2588 2093 2620 quamlibet
2113 2589 2164 2612 im-

318 2629 449 2653 mundam
470 2630 611 2653 miseriam
630 2630 653 2653 A
668 2644 700 2648 —
717 2637 757 2655 11.
776 2631 880 2654 nimius
899 2629 976 2655 Mun.
996 2631 1074 2654 ANN.
1096 2645 1128 2647 —
1145 2637 1186 2661 17.
1201 2630 1356 2656 manufacti
1376 2632 1454 2656 Mun.
1474 2631 1566 2660 ANN.;
1588 2631 1751 2655 manufacte
1768 2631 1792 2654 A
1813 2644 1845 2648 -
1868 2637 1957 2654 21-22.
1978 2630 2013 2654 Et
2031 2629 2162 2654 feraban-

316 2671 373 2703 tur]
389 2671 583 2695 Efferebantur
597 2672 674 2696 Mun.
695 2673 774 2696 ANN.
795 2686 827 2689 —
843 2678 884 2696 22.
899 2671 1012 2704 aliquis]
1032 2672 1139 2704 aliquid
1158 2673 1181 2696 Α
1196 2687 1228 2690 -
1244 2674 1285 2697 28.
1299 2673 1457 2698 fastidiisA
1478 2687 1509 2690 —
1530 2680 1571 2705 34.
1591 2670 1720 2704 Ilntfagg:
1741 2673 1770 2696 in
1790 2674 1911 2703 margine
1931 2673 1958 2695 in
1978 2672 2043 2695 Α-
2064 2670 2104 2702 36.
2121 2672 2166 2702 gli

320 2714 398 2737 ANN.
417 2713 503 2736 hanno
522 2713 674 2738 decembris
693 2715 722 2737 in
742 2714 816 2746 luogo
836 2714 866 2737 di
878 2714 1042 2746 septembris
1069 2728 1100 2731 —
1129 2713 1170 2747 392
1198 2714 1330 2746 dominii]
1350 2715 1458 2740 domini
1476 2716 1517 2742 A,·
1537 2716 1636 2740 contra
1655 2715 1799 2739 dominum
1818 2715 1896 2739 Mun.
1919 2728 1949 2731 —
1971 2721 2011 2745 40.
2037 2712 2162 2745 Fociam]

317 2755 417 2778 Focem
437 2755 460 2778 A

406 2833 413 2849 ¹
434 2835 560 2859 Corrado
581 2832 652 2859 mori
670 2842 766 2867 presso
786 2835 898 2859 Laveuo
912 2835 957 2859 nel
974 2833 1001 2859 dl
1015 2841 1048 2859 20
1062 2835 1090 2859 di
1105 2837 1216 2869 maggio
1359 2835 1369 2851 ²
1388 2836 1547 2861 Innocenzo
1566 2836 1604 2860 IV
1625 2833 1696 2860 mori
1716 2835 1734 2859 il
1753 2836 1854 2867 giorno
1874 2840 1888 2866 7
1909 2834 2053 2860 dicembre.

319 2876 388 2901 nella
408 2877 488 2901 notte
508 2875 747 2901 dell'Ascensione
771 2876 813 2901 del
839 2877 967 2908 signore.
994 2876 1039 2902 Cf.
1066 2878 1215 2902 Nrcorims
1359 2876 1369 2893 ³
1388 2878 1509 2903 Rinaldo
1528 2878 1568 2902 de‘
1595 2879 1675 2902 conti
1695 2877 1723 2902 di
1743 2878 1834 2909 Segna
1853 2877 1887 2901 da
1906 2877 2031 2909 Anagni,
2045 2883 2165 2901 vescovo

319 2919 463 2948 smmum,
484 2919 541 2942 RR.
563 2919 597 2943 II.
619 2919 680 2946 SS„
701 2919 776 2943 VIII.
1271 2921 1295 2945 d·
1306 2922 1398 2951 Ostia,
1416 2921 1445 2945 fu
1465 2922 1548 2946 eletto
1567 2928 1643 2953 papa.
1663 2920 1684 2944 il
1702 2921 1805 2952 giorno
1828 2926 1857 2944 12
1878 2920 1906 2944 di
1925 2919 2072 2944 dicembre.

2201 553 2218 584 01

2183 826 2221 856 10

2185 1079 2220 1110 15

2181 1335 2222 1365 20

2184 1590 2224 1620 25

2189 2434 2230 2464 40

2198 2840 2228 2857 10
