2307 3592
124 224 174 259 [A.
195 224 287 258 1315]
756 220 1066 256 CHRONICON
1099 221 1326 257 ESTENSE
1909 222 1950 258 85

123 350 260 382 nomine
285 348 442 380 dominus
464 348 584 380 Petrus
599 349 619 386 ¹,
645 354 678 380 et
703 359 778 380 cum
809 350 880 381 nlio
904 359 964 381 suo
996 350 1134 381 domino
1158 350 1328 388 Carlocto,
1353 351 1398 383 ad
1421 351 1558 383 servitia
1589 352 1758 383 dictorum
1790 352 1955 385 Florenti-

124 413 255 434 norum.
302 400 490 433 Florentini
506 411 588 432 vero
611 402 678 432 iam
695 401 868 433 habebant
884 402 975 434 circa
990 404 1074 433 xvfffl
1097 402 1252 434 homines
1275 403 1438 444 peditum,
1456 414 1572 435 omnes
1596 414 1672 436 cum
1697 405 1827 437 lanceis
1843 405 1953 448 longis

123 455 195 487 sine
219 453 431 491 balistrariis,
455 460 488 485 et
510 459 631 495 postea
654 453 862 485 balistrarios
885 454 1057 486 habebant
1073 454 1108 485 in
1124 455 1272 487 maxima
1296 456 1500 498 quantitate3
1527 463 1559 488 et
1583 457 1709 489 deinde
1734 458 1880 499 populus
1898 459 1958 490 flo-

124 507 278 539 rentinus
309 512 382 538 erat
412 506 447 537 in
479 511 586 538 totum
616 507 709 538 circa
740 509 807 538 Lxm
838 507 1002 548 peditum,
1038 513 1072 538 et
1107 507 1217 539 dictus
1248 508 1407 540 dominus
1438 509 1605 550 Princeps
1644 520 1719 541 cum
1756 516 1828 542 toto
1860 520 1960 551 posse

82 561 99 592 5
124 559 288 602 equitavit
310 569 417 601 usque
440 559 595 590 Montem
620 559 778 596 catinum,
802 559 860 591 ubi
885 560 1030 592 firmavit
1054 561 1242 592 exercitum
1267 567 1385 592 contra
1410 562 1581 593 dominum
1612 562 1825 605 Uguiconem
1858 564 1901 594 de
1927 563 1958 594 la

124 612 267 655 Facola:
293 618 326 643 et
347 611 395 643 ibi
418 617 585 643 steterunt
607 612 760 653 pluribus
783 611 916 649 diebus,
941 618 975 643 et
992 618 1063 644 tota
1079 611 1133 644 die
1158 613 1393 654 preliabantur
1417 614 1633 646 adinvicem.
1679 616 1844 648 Dominus
1861 616 1959 647 Prin-

122 675 203 706 ceps
233 675 303 696 non
333 663 450 696 valens
473 664 598 695 muniri
631 664 759 696 dictum
788 671 933 696 castrum
964 665 1081 707 aliquo
1113 667 1228 705 modo,
1260 673 1469 709 congregato
1503 667 1656 706 consilio,
1685 667 1961 700 deliberaverunt

122 717 203 749 inde
226 717 401 756 recedere,
425 723 459 748 et
483 717 532 748 ire
556 717 646 748 inter
669 717 854 749 exercitum
883 718 1012 749 domini
1028 718 1216 761 Uguizonis
1239 725 1272 750 et
1296 719 1468 751 civitatem
1490 720 1620 758 Luche,
1646 730 1688 752 ne
1706 721 1868 753 victualia
1884 731 1962 762 pos-

122 777 197 802 sent
220 770 346 802 habere
371 775 492 812 gentes
515 768 644 801 domini
668 769 875 812 Uguiconis;
901 776 934 801 et
957 770 1006 801 sic
1023 771 1155 803 firmato
1173 771 1315 803 consilio
1340 772 1535 804 executioni
1558 774 1816 812 mandaverunt,
1831 780 1864 806 et
1880 773 1959 806 inde

63 825 100 856 10
123 823 326 855 recedentes
349 822 483 854 iverunt
514 822 559 853 ad
582 822 695 853 locum
719 822 911 863 predictum
943 833 1044 864 super
1067 824 1214 865 quadam
1244 825 1321 865 ripa
1352 835 1449 867 aque,
1481 835 1548 867 que
1580 826 1767 858 vocabatur
1796 826 1897 866 Bora,
1929 832 1962 858 et

123 875 301 917 oportebat
325 885 383 906 eos
406 874 551 906 transire
583 875 718 913 flumen,
742 874 767 906 si
792 875 954 907 volebant
985 876 1127 908 obviare
1155 887 1290 918 passum
1321 877 1519 909 victualium
1550 878 1711 916 inimicis;
1745 885 1779 911 et
1808 879 1858 910 ibi
1889 885 1961 911 erat

122 939 209 971 pons
230 927 393 969 lapidum,
418 938 518 969 quem
542 927 569 959 si
592 927 738 959 viriliter
760 929 1031 970 pertransissent,
1064 935 1160 961 erant
1183 929 1340 962 victores.
1387 931 1431 962 Et
1462 936 1581 963 euntes
1604 942 1704 973 super
1728 932 1836 974 ripam
1868 932 1960 964 inor-

124 982 251 1020 dinate,
275 981 354 1023 quia
378 980 516 1012 balistre
539 986 573 1012 et
589 980 645 1012 alii
662 981 787 1012 arnesii
812 988 906 1013 erant
930 982 1031 1024 longe
1048 992 1149 1023 super
1172 992 1292 1021 somas,
1318 989 1351 1015 et
1375 990 1446 1016 erat
1469 983 1516 1015 ibi
1537 984 1694 1016 dominus
1718 984 1839 1016 Petrus
1856 986 1963 1016 frater

123 1034 206 1066 dicti
230 1033 406 1076 principis,
430 1033 588 1065 dominus
612 1033 796 1065 Karloctus
821 1035 893 1066 eius
916 1034 1004 1066 filius
1029 1045 1105 1066 cum
1121 1041 1192 1067 tota
1215 1036 1347 1068 meliori
1371 1042 1472 1079 gente
1496 1038 1667 1069 exercitus
1696 1038 1902 1080 equestrium
1931 1043 1965 1069 et

63 1086 99 1118 15
124 1087 294 1128 peditum3
320 1092 353 1118 et
377 1086 470 1118 ibant
493 1095 557 1127 per
579 1084 726 1117 medium
751 1086 917 1118 miliarum
941 1088 1043 1130 longe
1068 1088 1111 1120 ab
1135 1087 1221 1127 aliis,
1246 1094 1280 1120 et
1302 1088 1492 1121 irridebant
1515 1096 1548 1121 et
1578 1089 1769 1122 illudebant
1796 1090 1961 1122 inimicos.

123 1140 213 1171 Tum
237 1139 297 1171 illa
320 1138 442 1180 vulpis,
467 1138 597 1170 scilicet
629 1139 786 1170 dominus
809 1139 1011 1182 Uguiconus
1041 1140 1186 1181 sapiens,
1215 1141 1258 1172 de
1290 1141 1356 1173 hoc
1380 1142 1584 1183 perpendes,
1615 1143 1755 1174 recessit
1782 1143 1874 1182 inde,
1904 1143 1963 1174 ubi

124 1197 196 1224 erat
220 1202 296 1223 cum
320 1191 400 1229 suis,
426 1197 460 1223 et
482 1191 545 1222 ivit
568 1190 611 1222 ab
634 1191 703 1223 alio
720 1191 825 1223 latere
842 1192 988 1223 fluminis
1004 1202 1139 1233 semper
1156 1193 1329 1230 ordinate;
1355 1199 1389 1225 et
1413 1194 1583 1226 ordInavit
1601 1195 1685 1226 duas
1701 1195 1802 1233 acies,
1819 1196 1963 1236 primam

124 1244 234 1276 aciem
258 1244 450 1282 teritorum,
473 1244 509 1274 in
533 1254 600 1286 qua
624 1249 696 1276 erat
719 1244 921 1276 Franciscus
953 1246 1025 1276 eius
1052 1245 1140 1277 filius
1172 1246 1380 1287 capitaneus,
1412 1246 1446 1277 in
1471 1247 1536 1279 alia
1559 1257 1640 1279 vero
1664 1247 1819 1280 dominus
1851 1248 1960 1290 Ugui-

123 1308 226 1340 conus
250 1307 329 1329 cum
352 1297 425 1328 aliis
433 1309 441 1334 3
467 1303 501 1328 et
525 1307 657 1338 semper
679 1297 807 1338 previsi
831 1297 927 1329 ibant
950 1307 1026 1329 cum
1057 1298 1125 1329 suis
1149 1298 1249 1330 armis
1273 1309 1373 1340 super
1396 1299 1515 1340 ripam,
1539 1310 1622 1341 sepe
1651 1301 1867 1333 offendentes
1897 1300 1961 1332 ini-

59 1352 100 1382 20
124 1350 233 1382 micos
256 1360 334 1381 cum
357 1349 516 1381 balistris.
564 1349 697 1380 Tamen
728 1350 886 1381 dominus
916 1349 1037 1381 Petrus
1069 1360 1144 1381 cum
1177 1351 1314 1382 domino
1347 1351 1508 1384 Carlocto
1532 1353 1624 1394 prius
1655 1359 1886 1394 pervenerunt
1917 1354 1962 1384 ad

122 1409 259 1444 pontem
284 1408 317 1434 et
340 1402 547 1434 transierunt
569 1402 668 1434 ultra.
715 1402 922 1434 Franciscus
939 1413 1021 1434 vero
1045 1402 1132 1435 filius
1156 1404 1283 1435 domini
1308 1404 1507 1447 Uguiconis‚
1531 1406 1723 1438 conductor
1747 1406 1858 1447 prime
1874 1406 1961 1438 aciei

122 1456 172 1487 sui
194 1455 310 1498 patris,
334 1455 478 1487 viriliter
501 1455 669 1496 percussit
686 1465 764 1486 cum
780 1456 848 1486 suis
871 1462 992 1488 contra
1015 1455 1242 1495 Florentinos,
1265 1456 1324 1488 ubi
1348 1457 1528 1489 maximum
1551 1459 1696 1499 prelium
1722 1459 1961 1491 commiserunt

124 1509 168 1540 ad
192 1508 340 1540 invicem
364 1508 458 1540 dicte
485 1513 600 1549 partes
623 1508 745 1546 taliter,
770 1509 864 1550 quod
888 1509 977 1540 troni
1009 1508 1153 1541 celestes
1182 1519 1250 1540 non
1275 1508 1515 1547 audiebantur;
1547 1516 1661 1542 tamen
1687 1518 1808 1554 gentes
1832 1512 1960 1543 domini

123 1561 289 1604 principis
311 1566 580 1603 supersteterunt
596 1561 679 1592 aliis.
719 1561 885 1593 Dominus
907 1561 1110 1604 Uguiconus
1132 1563 1307 1603 providus,
1325 1563 1392 1594 hoc
1409 1562 1540 1601 videns,
1564 1564 1702 1596 intravit
1724 1565 1760 1596 in
1775 1565 1867 1597 bello
1885 1576 1961 1597 cum

60 1614 99 1646 25
124 1615 202 1652 suis,
225 1620 260 1646 et
282 1614 430 1646 viriliter
452 1614 550 1645 irruit
573 1614 742 1652 inimicos,
767 1620 800 1646 et
823 1614 1005 1646 maximum
1027 1615 1173 1656 prelium
1199 1615 1442 1647 commiserunt
1458 1617 1507 1648 sic
1532 1622 1565 1648 et
1588 1617 1714 1655 taliter,
1732 1617 1824 1660 quod
1845 1624 1965 1660 gentes

123 1666 250 1699 domini
272 1667 445 1708 Principis
467 1666 642 1698 redierunt
664 1667 752 1698 ultra
775 1673 929 1708 pontem3
954 1673 987 1700 et
1003 1667 1091 1699 istud
1106 1668 1253 1709 prelium
1278 1668 1342 1700 fuit
1366 1669 1474 1700 maius
1497 1669 1618 1710 primo.
1666 1670 1705 1701 In
1722 1671 1788 1702 fine
1805 1671 1963 1702 dominus

124 1719 323 1763 Uguiconus
347 1719 493 1751 obtinuit
517 1729 686 1761 campum,
718 1725 751 1751 et
774 1726 892 1762 gentes
924 1720 1006 1752 dicti
1029 1721 1196 1762 principis
1219 1721 1320 1762 rupti,
1344 1721 1513 1753 vulnerati
1541 1728 1575 1754 et
1606 1723 1730 1754 mortui
1757 1724 1896 1755 suerunt
1926 1725 1963 1755 in

123 1773 268 1805 maxima
291 1772 495 1814 quantitate3
520 1778 554 1803 et
577 1772 704 1813 reperti
735 1773 873 1804 fuerunt
904 1773 1027 1804 mortui
1051 1774 1207 1805 dominus
1239 1772 1417 1806 Carloctus
1444 1774 1531 1806 filius
1563 1774 1693 1806 domini
1718 1775 1899 1818 Principis,
1931 1782 1966 1808 et

122 1826 327 1858 Franciscus
349 1825 435 1856 filius
460 1825 588 1856 domini
621 1825 822 1868 Uguiconis,
847 1826 906 1868 qui
930 1837 965 1858 se
997 1826 1132 1858 insimul
1155 1826 1367 1859 occiderunt.
1413 1828 1578 1859 Dominus
1601 1827 1722 1860 Petrus
1750 1829 1858 1861 frater
1882 1829 1966 1861 dicti

60 1880 102 1910 30
125 1878 290 1921 principis
322 1888 400 1910 cum
430 1878 543 1910 multis
574 1878 650 1909 aliis
681 1878 860 1921 fugerunt'
896 1889 1012 1911 versus
1042 1879 1158 1919 valles,
1189 1880 1248 1912 ubi
1283 1890 1400 1912 omnes
1429 1880 1697 1913 subfocaverunt
1727 1882 1763 1913 in
1794 1893 1898 1925 aqua3
1933 1889 1966 1914 et

122 1942 305 1974 numquam
328 1931 395 1963 fuit
418 1937 575 1972 repertus
599 1931 755 1963 dominus
771 1931 902 1964 Petrus.
950 1932 993 1964 Et
1008 1939 1244 1964 remanserunt
1266 1934 1301 1964 in
1327 1943 1447 1974 campo
1472 1944 1588 1966 omnes
1612 1934 1744 1966 arnexii
1770 1941 1803 1966 et
1826 1936 1893 1967 alia
1921 1936 1963 1967 de

123 1985 275 2017 exercitu
298 1983 428 2016 domini
452 1983 633 2026 Principis,
657 1984 755 2016 valor
777 1995 919 2026 quorum
944 1986 1008 2017 fuit
1032 1985 1289 2023 inextimabilis:
1314 1992 1347 2018 et
1370 1987 1420 2018 sic
1445 1987 1565 2019 effecti
1596 1993 1673 2019 sunt
1697 1987 1818 2020 divites
1849 1999 1965 2020 omnes

124 2038 253 2070 domini
276 2037 480 2080 Uguiconis3
505 2043 540 2068 et
563 2037 674 2069 dictus
690 2037 855 2079 Princeps
871 2048 940 2069 non
958 2039 1122 2070 subtinuit
1137 2039 1294 2080 prelium,
1313 2040 1493 2071 commodo
1509 2045 1644 2081 poterat
1660 2050 1737 2071 cum
1753 2041 1832 2080 suis,
1849 2052 1964 2085 ymmo

125 2091 270 2122 libenter
293 2091 411 2133 fugam
435 2090 586 2131 arripuit.
632 2090 715 2122 Post
745 2090 812 2122 hec
836 2091 994 2123 dominus
1018 2091 1220 2134 Uguiconus
1244 2101 1320 2123 cum
1351 2092 1419 2123 suis
1441 2099 1657 2124 recesserunt
1680 2093 1724 2124 de
1749 2094 1841 2126 dicto
1873 2094 1962 2133 loco,

61 2143 101 2176 35
127 2149 160 2175 et
183 2154 260 2175 cum
282 2152 408 2186 magno
432 2143 603 2185 triumpho
627 2143 803 2175 redierunt
826 2144 927 2183 Pixis,
951 2150 985 2175 et
1008 2144 1162 2176 omnibus
1185 2144 1328 2176 mortuis
1351 2155 1467 2176 eorum
1491 2144 1662 2177 dederunt
1685 2147 1904 2188 sepulturam,
1930 2153 1963 2179 et

126 2197 236 2228 dictos
260 2196 434 2227 dominum
458 2195 654 2228 Carloctum
678 2196 785 2227 filium
809 2196 986 2239 principis,
1011 2203 1044 2229 et
1068 2197 1290 2229 Franciscum
1318 2197 1421 2228 filium
1448 2198 1577 2229 domini
1600 2198 1790 2241 Uguiconis
1815 2200 1963 2241 sepelliri

125 2249 286 2281 fecerunt
308 2248 442 2280 insimul
466 2259 543 2280 cum
568 2249 711 2281 honore.

213 2301 347 2333 Eodem
371 2301 550 2333 millesimo
576 2302 732 2333 dominus
755 2302 905 2334 Maffeus
936 2303 979 2334 de
1003 2303 1296 2335 Vicecomitibus²
1329 2303 1372 2334 de
1404 2302 1603 2335 Mediolano
1627 2303 1748 2335 habuit
1771 2315 1834 2346 pro
1859 2306 1964 2337 tradi-

126 2360 240 2386 mento
264 2354 435 2386 civitatem
460 2354 578 2396 papie,
603 2360 637 2386 et
661 2354 915 2387 derobaverunt
947 2366 1065 2388 omnes
1090 2356 1248 2388 civitatis.
1295 2356 1419 2388 Comes
1449 2356 1681 2388 Ricardinus¹
1707 2364 1856 2389 mortuus
1888 2358 1963 2396 fuit,

62 2409 103 2439 40
128 2414 161 2439 et
184 2407 241 2438 alii
265 2407 307 2439 de
333 2407 366 2438 la
388 2408 499 2439 Turre
524 2407 616 2449 capti
639 2408 779 2439 fuerunt
801 2414 834 2440 et
859 2409 1027 2440 carcerati
1052 2409 1088 2439 in
1111 2409 1324 2440 Mediolano.

214 2459 346 2492 Eodem
369 2460 550 2492 millesimo
574 2465 607 2491 et
631 2460 665 2491 in
689 2460 741 2491 his
766 2460 888 2492 diebus
905 2462 1062 2493 dominus
1086 2461 1235 2504 Jacobus
1259 2462 1302 2493 de
1327 2462 1586 2494 Cavalcabobus
1610 2463 1738 2494 electus
1763 2469 1813 2495 est
1837 2464 1966 2505 capita-

128 2523 212 2545 neus
237 2512 384 2546 civitatis
407 2513 588 2546 Cremone.

215 2685 237 2702 2.
258 2686 324 2703 vero
344 2687 392 2703 om.
412 2679 491 2704 Mna.
516 2693 550 2697 —
573 2685 597 2709 7.
617 2679 726 2704 munire
745 2680 823 2704 Mna.
843 2693 876 2697 ——
896 2686 938 2711 30.
959 2679 1173 2704 subfocaverunt
1192 2687 1220 2704 se
1240 2681 1318 2705 MUR.
1333 2694 1366 2698 —
1379 2686 1421 2712 35.
1441 2681 1524 2705 Pixas
1543 2681 1620 2705 Mun.
1636 2694 1668 2698 —
1688 2681 1729 2713 38.
1744 2681 1787 2704 nel
1805 2682 1924 2713 margine
1937 2682 1967 2704 di

126 2722 234 2744 sinistra
253 2723 282 2744 in
302 2721 342 2744 Α.·
364 2721 500 2745 Dominus
520 2720 632 2745 Maffeus
652 2722 685 2745 de
705 2721 927 2746 Vicecornitibus
946 2721 1046 2745 habuit
1065 2722 1179 2755 Papiam
1200 2735 1232 2739 —
1253 2729 1294 2754 39.
1314 2726 1425 2746 omnem
1444 2722 1587 2746 civitatem
1613 2723 1705 2752 MUR.3
1726 2729 1820 2747 ornnes
1845 2723 1922 2748 civit.
1941 2724 1966 2745 B

211 2817 219 2833 ¹
240 2819 321 2842 Piero
331 2820 412 2842 conte
424 2818 453 2842 di
463 2818 552 2848 Eboli,
563 2820 655 2843 minor
666 2818 776 2843 fratello
790 2819 832 2843 dcl
846 2827 874 2844 re
884 2819 1015 2843 Roberto.
1072 2820 1177 2844 Matteo
1198 2820 1336 2845 Visconti.
1356 2819 1400 2844 Cf.
1420 2820 1523 2843 Annali
1540 2819 1650 2843 fflltalz'a
1669 2819 1703 2843 ad
1722 2827 1746 2843 a.

209 2857 221 2874 ‘²
241 2859 281 2883 La
301 2866 381 2892 presa
406 2859 434 2882 di
458 2860 546 2885 Pavia
572 2868 698 2885 avvenne
725 2861 797 2884 nella
822 2862 902 2884 notte
928 2861 971 2884 tra
998 2862 1017 2885 il
1158 2860 1169 2876 3
1188 2861 1360 2886 Riccardino
1380 2862 1408 2885 di
1436 2862 1583 2894 Langusco
1603 2861 1680 2893 figlio
1703 2861 1747 2884 del
1767 2862 1851 2885 conte
1876 2862 1963 2892 Filip-

82 2911 95 2937 5
123 2899 152 2924 dl
171 2899 186 2923 6
205 2901 238 2924 ed
258 2900 277 2924 il
297 2899 325 2924 (n
345 2906 358 2930 7
373 2901 400 2925 di
415 2901 528 2925 ottobre
541 2909 591 2934 per
610 2909 695 2933 opera
714 2901 741 2925 di
761 2901 877 2926 Stefano
896 2902 971 2933 figlio
985 2902 1014 2926 di
1073 2910 1153 2935 pone.
1175 2902 1217 2927 Cf.
1242 2903 1333 2926 Chron.
1356 2903 1538 2929 Modoctz'ense,
1558 2903 1614 2926 RR.
1637 2902 1672 2927 II.
1692 2902 1753 2930 SS.,
1773 2902 1834 2932 XII,
1857 2909 1933 2927 1111.

2042 1899 2060 1913 Ε.
2076 1898 2122 1916 7⁴r
