2307 3592
170 233 462 268 [AA.1230-1234]
800 223 1114 260 CHRONICON
1147 221 1379 259 ESTENSE
1966 226 2009 260 13

170 360 213 392 de
230 360 398 398 Romano,
417 360 551 392 concite
573 359 728 401 perrexit
750 358 934 397 Veronam,
951 364 988 390 ut
1004 358 1148 390 adderet
1169 358 1283 401 ignem
1299 357 1477 396 cammino‚
1495 357 1712 390 inexorabilis
1729 357 1900 390 discordie
1916 358 2016 390 fomi-

169 419 236 446 tem
259 413 471 446 ministraret.
517 412 716 445 Comuniter
740 422 821 444 vero
844 411 999 444 Paduani
1022 411 1185 444 miserunt
1202 411 1340 455 legatos
1363 410 1549 451 Veronam,
1572 411 1728 455 rogando
1752 411 1956 455 Ecellynum
1981 418 2015 444 et

166 472 299 508 partem
321 477 426 504 suam,
443 472 480 498 ut
497 466 653 498 comitem
677 472 711 497 et
735 465 819 497 alios
844 470 1036 496 carceratos
1060 475 1081 496 a
1103 464 1247 496 vinculis
1268 464 1472 496 relaxarent.
1516 464 1577 497 Set
1593 464 1658 507 ipsi
1673 464 1740 497 hoc
1758 464 1877 496 facere
1893 464 2012 497 nolue-

167 525 255 556 runt,
279 518 372 550 unde
394 519 550 551 Paduani
574 525 608 550 et
630 518 727 562 Acco
751 517 904 549 marchio
929 517 1081 555 estensis,
1109 518 1167 560 qui
1190 527 1292 560 super
1323 518 1392 549 hoc
1414 518 1553 560 negotio
1568 519 1577 536 ¹
1602 517 1870 550 ferventissimus
1893 517 2016 549 existe-

126 570 143 603 5
167 570 226 602 bat
237 571 259 609 ²,
285 571 499 603 confederati
524 581 600 603 cum
626 570 832 609 Mantuanis,
865 580 940 602 cum
965 570 1116 602 exercitu
1147 580 1271 613 magno
1302 580 1404 612 super
1433 570 1654 602 Veronenses
1686 570 1931 612 equitaverunt.
1977 570 2017 601 In

167 634 283 656 mense
306 624 508 666 septembris
531 624 685 657 'Portum
709 630 743 656 et
758 622 972 666 Lignagum³
996 624 1249 656 dextruxerunt.
1274 623 1376 655 Tunc
1401 623 1620 666 Salinguerra
1645 629 1678 655 et
1693 623 1872 655 Ecellinus
1888 630 1922 655 et
1946 622 2014 655 Co-

167 687 238 708 mes
261 677 305 708 de
328 677 494 720 Tyrallo⁴
519 688 596 709 cum
618 677 747 720 populo
770 676 962 715 veronensi,
988 677 1045 719 qui
1069 677 1113 708 ad
1138 676 1375 709 defensionem
1399 677 1552 709 locorum
1575 682 1741 710 venerant
1771 676 2014 719 predictorum,

166 730 284 773 fugam
308 729 493 772 aripientes
516 731 691 763 Veronam
715 740 816 772 quam
841 729 938 761 citius
964 729 1149 761 redierunt.

813 825 1040 868 MCCXXXJ
1063 826 1108 858 de
1131 835 1248 858 mense
1272 826 1366 858 iunii.

104 899 143 929 10
255 897 416 940 Migravit
439 897 558 929 beatus
580 896 760 935 Antonius,
785 896 880 928 cuius
903 895 1064 928 sanctitas
1088 902 1192 928 totam
1216 895 1366 928 Ytaliam
1387 896 1566 929 illustravit
1578 897 1600 929 5.

254 948 387 980 Eodem
409 947 597 987 millesimo,
622 947 666 979 de
689 956 806 979 mense
829 945 1041 988 septembris,
1066 945 1293 978 mediantibus
1323 947 1512 979 rectoribus
1543 947 1761 986 Lombardie,
1789 949 1914 980 Comes
1937 959 2015 980 cum

165 1010 226 1031 sua
248 1005 345 1041 parte
370 1005 420 1030 est
443 1009 464 1030 a
486 998 630 1030 vinculis
654 1004 688 1030 et
711 998 755 1030 de
779 997 991 1030 inimicorum
1007 996 1163 1029 manibus
1186 996 1349 1029 liberatus
1358 997 1379 1030 ⁵.

254 1049 386 1082 Eodem
410 1049 596 1081 millesimo.
614 1048 672 1080 Ad
694 1047 895 1090 petitionem
910 1047 1003 1090 regis
1020 1047 1171 1087 Henrici,
1188 1047 1246 1079 filii
1269 1048 1429 1080 Federici
1445 1048 1672 1091 imperatoris,
1688 1050 1965 1082 Mediolanenses
1981 1056 2016 1082 et

165 1100 222 1132 alii
239 1100 394 1132 odientes
408 1099 591 1141 Imperium
604 1099 736 1142 legatos
752 1099 786 1130 in
802 1098 1025 1130 Alemaneam
1043 1098 1212 1130 duxerunt
1228 1104 1262 1130 et
1280 1108 1357 1130 cum
1374 1109 1416 1131 eo
1433 1106 1553 1132 contra
1569 1100 1813 1142 Imperatorem
1826 1101 2015 1133 sotietatem

104 1150 140 1183 15
165 1151 387 1183 firmissimam
410 1156 606 1183 statuerunt.
653 1149 822 1192 Concepit
846 1149 935 1181 enim
961 1149 1039 1181 Rex
1062 1149 1217 1181 dolorem
1249 1155 1283 1181 et
1298 1149 1433 1191 peperit
1456 1150 1667 1193 iniquitatem
1695 1157 1814 1184 contra
1840 1152 2015 1193 proprium

165 1202 353 1245 genitorem
376 1201 422 1233 ita
445 1201 537 1243 quod
560 1200 750 1240 videbatur,
775 1201 868 1243 quod
899 1200 1088 1242 Imperator
1119 1199 1196 1242 plus
1227 1211 1371 1242 puerum
1403 1201 1599 1233 Conradum
1623 1201 1782 1245 diligeret
1813 1208 1847 1235 et
1870 1203 2014 1235 foveret.

791 1295 1037 1339 MCCXXXIJ
1061 1297 1105 1328 de
1128 1307 1245 1329 mense
1262 1297 1384 1329 martii.

254 1370 282 1401 F
284 1368 441 1400 edericus
463 1367 659 1410 imperator,
684 1368 765 1399 dum
789 1368 833 1399 de
856 1366 993 1409 Apulea
1016 1367 1120 1399 vellet
1142 1368 1179 1399 in
1202 1367 1352 1399 Ystriam
1376 1368 1548 1411 navigare,
1574 1369 1726 1411 inpulsus
1749 1369 1782 1401 vi
1813 1376 2014 1403 venetorum

164 1421 258 1452 venit
281 1419 456 1458 Venetias,
482 1425 516 1451 et
538 1418 619 1450 inde
643 1419 677 1450 in
701 1420 791 1451 Foro
816 1418 908 1461 Julio
932 1418 1164 1456 transmeavit;
1189 1418 1305 1461 ibique
1329 1419 1425 1452 facta
1449 1425 1500 1451 est
1524 1420 1725 1462 compositio
1743 1420 1830 1452 inter
1847 1421 1956 1463 ipsum
1981 1429 2015 1454 et

99 1472 141 1502 20
164 1470 357 1502 Ecellinum
380 1469 414 1500 in
439 1469 676 1501 detrimentum
700 1468 912 1501 Marchionis
935 1469 1076 1500 estensis
1100 1474 1134 1501 et
1158 1469 1291 1501 comitis
1315 1469 1432 1501 Sancti
1456 1469 1631 1502 Bonefatii
1663 1477 1697 1503 et
1727 1471 1829 1503 totius
1859 1472 2014 1504 Marchie

165 1527 199 1552 et
222 1520 322 1552 etiam
344 1519 564 1558 Lombardie,
589 1519 677 1552 sicut
698 1526 819 1562 postea
841 1519 954 1561 paruit
976 1530 1038 1561 per
1063 1519 1237 1551 effectum.
1283 1519 1452 1552 Ascendit
1475 1527 1588 1552 autem
1606 1521 1647 1552 in
1662 1520 1887 1554 Alemaneam
1903 1522 2016 1565 Impe-

164 1577 272 1608 rator3
298 1577 399 1613 capto
422 1570 491 1602 filio
514 1570 666 1612 proprio,
689 1580 773 1613 rege
797 1570 929 1602 scilicet
952 1570 1118 1613 Henryco
1130 1569 1152 1608 ⁷,
1176 1570 1265 1602 misit
1289 1580 1366 1602 eum
1390 1570 1424 1602 in
1447 1570 1618 1614 Apuleam
1643 1571 1758 1615 ibique
1790 1573 1874 1606 fecit
1906 1573 2014 1616 ipsum

163 1631 271 1664 usque
295 1622 340 1654 ad
365 1621 456 1653 diem
481 1621 598 1653 mortis
620 1621 708 1653 sicut
730 1621 941 1663 proditorem
965 1621 998 1653 in
1031 1630 1171 1653 carcere
1204 1621 1377 1661 custodiri,
1409 1622 1488 1654 ideo
1521 1623 1602 1665 quia
1633 1623 1880 1656 confederatus
1911 1624 2013 1657 etiam

166 1683 242 1705 cum
265 1672 480 1711 Lombardis,
506 1671 748 1714 constituitque
772 1672 806 1703 in
829 1672 909 1704 loco
934 1672 1007 1703 eius
1030 1671 1238 1710 Conradum,
1263 1682 1365 1715 quem
1390 1673 1554 1706 tenerime
1571 1673 1746 1717 diligebat.

100 1770 141 1803 25
953 1769 1226 1813 Mccxxxnj.

251 1842 371 1874 Frater
393 1841 569 1883 Johannes
601 1841 644 1873 de
676 1841 795 1872 ordine
827 1840 1108 1872 predicatorum³
1139 1840 1173 1872 in
1206 1847 1298 1873 tanta
1320 1841 1514 1874 reverentia
1544 1847 1596 1874 est
1618 1842 1754 1875 habitus
1785 1843 1830 1876 ab
1862 1845 2016 1878 omnibus

162 1892 320 1924 Marchie
352 1897 385 1923 et
417 1892 517 1924 etiam
548 1891 772 1930 Lombardie‚
804 1892 898 1934 quod
929 1892 1002 1923 eius
1032 1891 1184 1924 iussione
1225 1892 1381 1924 Paduani
1420 1892 1640 1925 Veronenses
1672 1894 1804 1926 scilicet
1835 1894 2014 1929 extrinseci

163 1943 367 1975 Brissienses
391 1949 425 1974 et
447 1943 627 1974 Mantuani
652 1953 728 1974 cum
753 1943 909 1980 carociis,
936 1948 969 1974 et
992 1943 1134 1974 aliarum
1160 1943 1333 1975 civitatum
1364 1943 1512 1975 maxima
1543 1944 1723 1976 multitudo
1756 1945 1791 1977 in
1823 1956 2011 1988 campanea

166 1993 361 2025 Veronensi
384 1993 518 2024 insimul
541 1993 685 2035 pacifice
710 2000 955 2025 convenerunt.
1001 1994 1046 2025 Et
1069 1993 1197 2025 ibidem
1220 1994 1255 2025 in
1278 1994 1335 2026 die
1359 1994 1466 2026 sancti
1483 1993 1688 2038 Augustini⁹
1712 1997 1897 2029 sententias
1913 2008 2015 2040 super

98 2047 139 2077 30
164 2045 327 2087 quasdam
351 2045 548 2086 questiones
572 2054 687 2076 coram
712 2043 867 2076 omnibus
889 2044 1025 2086 populis
1049 2044 1305 2077 auctorabiliter
1320 2045 1559 2088 promulgavit.
1607 2046 1667 2078 Set
1686 2046 1752 2079 cito
1770 2047 1842 2079 eius
1857 2050 2013 2090 potentia

164 2095 345 2137 expiravit3
371 2105 449 2126 nam
473 2094 569 2137 quasi
592 2101 670 2137 post
692 2106 795 2127 unum
819 2105 982 2133 mensem,
1008 2095 1174 2138 quicquid
1199 2095 1428 2134 ordinaverat,
1453 2097 1497 2128 ad
1521 2096 1689 2129 nichilum
1713 2103 1765 2130 est
1786 2099 1974 2132 redactum.

941 2192 1232 2236 MCCXXXIIIJ.

249 2262 327 2295 Fuit
348 2272 446 2306 yems
470 2263 648 2305 asperima,
671 2263 764 2295 unde
787 2263 887 2295 vinee
911 2273 952 2295 ac
977 2264 1060 2296 ficus
1086 2269 1120 2295 et
1143 2263 1234 2296 oliva
1255 2273 1319 2306 pre
1342 2264 1445 2297 nimio
1462 2265 1593 2309 frigore
1610 2273 1687 2299 sunt
1712 2267 1871 2300 extincta.

252 2375 275 2393 1.
294 2369 355 2399 dopo
375 2369 516 2393 cammino
530 2369 606 2393 Mux.
627 2376 685 2400 agg.
701 2369 730 2392 et
745 2382 777 2386 —
791 2375 816 2401 3.
830 2368 1000 2401 relaxarent]
1016 2369 1207 2394 relaxarentur
1219 2370 1243 2393 A
1263 2382 1295 2386 ——
1309 2378 1333 2403 4.
1348 2369 1401 2394 hoc
1414 2370 1531 2402 negotio
1544 2371 1641 2399 Arma,
1654 2370 1831 2397 Veronenses
1844 2374 1959 2405 negotio
1973 2374 2014 2401 A:

163 2410 370 2434 veronensium
397 2410 512 2442 negotio
532 2410 610 2435 MUR.
632 2424 663 2428 —
683 2416 740 2442 4-3.
766 2410 918 2442 existebat]
946 2410 1103 2435 existebant
1121 2411 1145 2435 A
1163 2412 1241 2436 Mun.
1262 2425 1294 2429 —
1316 2417 1339 2442 5.
1359 2411 1542 2436 confederato
1562 2413 1586 2435 A
1617 2427 1649 2430 —
1671 2420 1710 2438 10.
1738 2414 1882 2439 Antonius
1907 2415 1921 2437 ἐ
1940 2417 1968 2438 in
1987 2417 2011 2439 A

163 2459 238 2475 mano
253 2452 304 2482 pii)
323 2453 401 2475 tarda
423 2466 455 2469 —-
472 2460 510 2484 14.
530 2453 682 2476 Alemanea
695 2453 718 2475 A
740 2466 771 2469 —
789 2460 828 2484 ιε).
847 2452 883 2476 Ιό
903 2454 933 2475 di
949 2452 1014 2477 foro
1025 2460 1038 2476 e
1050 2452 1123 2477 Iulio
1142 2461 1174 2476 su
1193 2461 1288 2477 rasura
1307 2453 1338 2476 di
1350 2454 1443 2484 ,prima
1462 2461 1536 2477 mano
1556 2455 1585 2477 in
1604 2455 1627 2477 A
1643 2467 1675 2471 —
1689 2459 1731 2485 27.
1745 2456 1831 2479 etiam
1846 2463 1892 2480 om.
1908 2457 1984 2482 MUR.
2000 2471 2010 2475 -

163 2493 273 2518 uisione
285 2493 422 2525 iussione]
437 2495 460 2518 A
470 2495 496 2517 B
509 2494 599 2523 Mum
614 2494 740 2518 iussione
752 2494 764 2516 ἑ
778 2495 836 2518 dato
850 2495 926 2525 dagli
939 2495 1020 2519 Amr.
1035 2507 1067 2511 —
1082 2502 1123 2527 33.
1137 2493 1227 2528 yems]
1242 2494 1329 2528 yemis
1342 2495 1366 2518 A
1378 2507 1389 2513 -
1402 2495 1464 2526 dopo
1478 2495 1552 2519 unde
1565 2496 1589 2519 A
1602 2503 1660 2528 agg.
1676 2497 1767 2528 quod;
1780 2497 1855 2529 quod
1869 2505 1915 2521 om.
1931 2499 2009 2524 Mox.

117 2574 131 2601 5
246 2569 254 2585 ¹
274 2571 295 2595 11
314 2572 454 2597 Muratori
472 2573 509 2597 ha
527 2573 651 2597 corretto
671 2571 816 2596 senz’altro
831 2572 850 2596 il
869 2572 966 2597 codice
983 2571 1057 2597 cosi:
1202 2570 1213 2587 ⁶
1233 2573 1254 2597 Il
1273 2574 1358 2598 conte
1376 2573 1526 2598 Ricciardo
1546 2573 1575 2598 di
1590 2573 1645 2598 San
1665 2573 1815 2599 Bonifacio
1828 2574 1861 2599 fu
1879 2577 1963 2608 posto
1978 2576 2007 2600 in

165 2613 354 2638 veronensium.
369 2613 541 2639 Preteriamo
553 2615 689 2639 attenerci
703 2614 756 2638 alla
767 2614 874 2639 lezione
887 2615 958 2647 degli
967 2615 1058 2639 Anna·
1113 2614 1220 2640 liberta
1236 2623 1287 2647 per
1305 2616 1345 2647 gli
1364 2616 1435 2640 uffici
1449 2616 1492 2640 dei
1505 2616 1620 2640 Rettori
1633 2616 1662 2640 di
1675 2617 1853 2642 Lombardia.
1873 2617 1919 2643 Cf.
1933 2618 2010 2643 GAL-

160 2655 206 2682 les,
220 2656 300 2680 tanto
315 2655 363 2688 piu
376 2656 426 2681 che
440 2657 511 2681 nella
525 2657 587 2688 riga
601 2663 655 2688 seg.
669 2656 827 2689 ricompare
839 2656 866 2681 la
879 2657 966 2681 frase:
980 2661 1059 2688 super
1114 2664 1209 2682 VANUS
1227 2658 1365 2687 FLAMMA,
1378 2657 1496 2681 Annales
1508 2657 1725 2686 Mediolanenses,
1744 2659 1819 2684 XVI·
1857 2660 1909 2684 Nel
1925 2659 1956 2684 16
1969 2660 2010 2684 lu-

165 2696 327 2725 Veronenses,
347 2698 397 2722 che
416 2697 470 2730 pub
490 2705 556 2722 aver
575 2699 665 2722 tratto
685 2699 715 2721 in
736 2704 830 2722 errore
849 2697 1045 2723 l'amanuense.
1112 2700 1171 2732 giio
1191 2700 1222 2724 fu
1241 2700 1374 2724 conclusa
1392 2699 1419 2723 la
1438 2707 1506 2732 pace
1524 2699 1568 2724 fra
1588 2699 1610 2724 il
1633 2702 1715 2725 conte
1736 2701 1764 2725 di
1783 2701 1839 2726 San
1859 2701 2009 2727 Bonifacio

247 2737 258 2754 ²
276 2739 297 2763 11
323 2739 463 2764 Muratori
488 2740 525 2764 ha
551 2741 693 2772 stampato
715 2741 871 2767 existebant,
891 2739 1056 2764 cambiando
1112 2740 1146 2765 ed
1163 2742 1174 2765 i
1194 2741 1363 2766 Montecchi.

101 2788 133 2806 10
159 2779 225 2811 pero
237 2780 452 2811 ferventissimus
471 2781 515 2805 dei
535 2788 584 2807 ms.
611 2781 640 2805 in
652 2781 854 2811 ferventissimi.
892 2780 1058 2806 L’autorita
1200 2781 1211 2798 ⁷
1230 2783 1270 2807 La
1289 2784 1433 2816 prigionia
1452 2784 1482 2808 di
1500 2784 1605 2808 Enrico
1626 2792 1754 2809 avvenne
1774 2785 1820 2809 nel
1841 2790 1919 2817 1233.

158 2822 231 2854 degli
249 2822 365 2846 Annales
383 2823 408 2847 ci
427 2823 565 2855 consiglia
583 2830 600 2848 a
619 2825 759 2856 stampare
777 2824 908 2848 existebat.
1200 2823 1211 2839 S
1231 2825 1286 2849 Fra
1305 2825 1453 2850 Giovannl
1479 2826 1513 2850 da
1532 2825 1617 2850 Schio
1638 2826 1794 2851 vicentino.
1821 2826 1868 2852 Cf.
1893 2828 2008 2852 RoLAx-

246 2862 257 2878 3
274 2864 363 2888 Porto
383 2865 526 2896 Legnago‚
546 2865 666 2889 castello
686 2865 755 2889 sulla
769 2867 885 2890 sinistra
899 2865 1054 2898 dell’Adige
1109 2871 1192 2896 nmo,
1216 2866 1360 2890 Clzronz‘con
1385 2866 1565 2894 patavinum„
1592 2868 1650 2891 RR.
1677 2867 1712 2891 II.
1733 2867 1795 2896 SS„
1816 2868 1892 2899 vm,
1912 2876 2008 2894 nuova

161 2907 191 2930 di
209 2905 302 2930 fronte
321 2913 337 2929 a
356 2906 488 2938 Legnago
508 2906 543 2930 ad
561 2907 671 2931 oriente
691 2907 720 2931 di
740 2908 884 2932 Mantova.
1109 2907 1186 2938 ediz.‚
1206 2915 1233 2938 p.
1253 2912 1294 2939 45.

247 2946 257 2962 ⁴
276 2947 396 2972 Alberto
416 2948 455 2972 IV
474 2950 556 2973 conte
575 2948 604 2973 di
622 2949 731 2974 Tirolo.
1198 2947 1210 2965 ⁰
1230 2950 1262 2975 28
1281 2951 1390 2983 agosto.

248 2988 259 3004 ⁵
282 2995 311 3021 13
331 2991 446 3022 giugno.

2042 2586 2070 2611 ¹5

2092 634 2114 652 M
2122 639 2168 653 ux..
2186 634 2224 652 500

2088 915 2110 929 C.
2124 914 2177 929 207
