2297 3476
35 315 109 338 Mun„
127 314 165 334 50⁵

62 1668 152 1689 messe

252 174 295 207 12
877 173 1191 210 CHRONICON
1222 174 1453 211 ESTENSE
1782 182 1865 216 [AA.
1886 184 2082 218 1225-12301

242 305 320 336 dem
343 310 421 346 post
443 305 622 337 multorum
645 305 812 336 malorum
833 304 1132 347 per'petrationem
1155 306 1250 338 facta
1277 307 1343 338 fuit
1369 307 1569 349 compositio
1597 307 1684 340 inter
1708 308 1867 341 comitem
1895 316 1929 342 et
1960 309 2082 342 adver-

240 357 356 397 sarios,
388 357 615 390 mediantibus
644 357 836 390 rectoribus
862 357 1083 391 Lombardie.

1046 455 1283 500 MCCXXVJ.

326 525 411 558 Cum
436 526 623 559 Federicus
646 525 831 567 imperator
855 531 945 558 esset
969 526 1205 568 magnificatus
1230 527 1354 560 divitiis
1372 533 1405 560 et
1421 528 1543 571 gloria,
1562 534 1596 560 et
1613 528 1799 560 clarissima
1817 529 1916 571 copia
1938 529 2083 562 filiorum

240 589 342 621 super
366 589 484 611 omnes
507 585 667 622 augustos
690 590 710 610 a
733 579 864 611 Karulo
890 579 984 618 citra,
1009 579 1066 622 qui
1090 579 1228 612 fuerant
1251 586 1330 612 ante
1355 590 1442 620 eum,
1467 581 1616 623 aspirare
1634 581 1726 624 cepit
1741 582 1851 614 modis
1868 582 2023 614 omnibus
2039 582 2083 613 ad

241 631 425 662 dominium
448 631 667 663 Lombardie.
712 631 757 663 Et
780 631 926 673 pacifice
951 630 993 663 de
1017 630 1153 674 Apulea
1176 632 1269 664 venit
1292 632 1327 664 in
1349 633 1603 672 Lombardiam,
1628 640 1662 665 et
1689 639 1757 665 tam
1782 633 1950 666 Cremone
1983 644 2083 676 quam

240 684 340 716 etiarn
364 684 532 716 Ravenne
557 684 776 727 conloquium
799 685 919 717 habuit
943 695 1020 716 cum
1044 685 1172 724 amiciS,
1188 686 1308 718 volens
1324 686 1547 718 amicabiliter
1562 687 1833 719 Lombardorum
1851 687 1981 719 animos
1998 688 2084 719 miti-

238 747 330 779 gare.
375 736 436 769 Set
457 737 738 769 Mediolanenses
762 748 839 769 cum
864 737 975 770 multis
999 738 1072 770 aliis
1097 738 1289 771 civitatibus
1313 739 1348 770 in
1370 750 1431 771 sua
1454 739 1586 771 duricia
1605 746 1874 782 permanserunt,
1892 740 1963 772 eius
1979 739 2084 773 verba

238 801 300 832 pro
324 790 451 822 nichilo
474 796 682 832 reputantes.

1035 861 1285 905 MCCXXVIJ.

324 930 419 963 Obiit
442 931 612 963 Honorius
628 942 719 973 papa
735 931 852 963 tertius
867 931 893 969 1;
920 931 974 963 cui
997 932 1162 964 successit
1178 932 1363 976 Gregorius
1379 943 1498 972 nonuS,
1516 933 1697 975 episcopus
1713 934 1867 966 ostiensis
1875 933 1896 966 ².
1940 935 2006 966 Iste
2023 934 2085 965 sub

237 994 326 1026 pena
350 985 654 1016 exomunicatiom‘s
675 985 872 1027 imperatori
895 985 1063 1027 precepit,
1088 991 1125 1017 ut
1155 996 1218 1027 pro
1241 986 1500 1028 recuperatione
1526 987 1634 1018 Terre
1662 993 1779 1019 sancte
1810 997 1904 1019 mare
1928 988 2084 1019 transiret

238 1037 424 1069 secundum
441 1037 727 1080 magnificentiam
743 1038 963 1080 imperatorie
981 1038 1176 1070 maiestatis.
1222 1039 1411 1081 Imperator
1428 1045 1540 1071 autem
1558 1040 1601 1071 de
1618 1040 1685 1071 hoc
1702 1040 1839 1083 negotio
1852 1040 2084 1072 intromictere

236 1100 272 1122 se
296 1090 444 1122 nolebat.
490 1090 760 1132 Verumptamen
783 1100 827 1122 ne
850 1097 1052 1133 preceptum
1076 1092 1326 1133 appostolicum
1350 1092 1488 1124 omnino
1506 1102 1669 1134 spernere
1684 1093 1871 1131 videretur,
1891 1104 1968 1125 cum
1985 1103 2085 1125 exer-

237 1145 306 1176 citu
330 1144 505 1186 galearum
529 1144 565 1175 in
590 1144 735 1187 Syryam
760 1144 942 1187 navigavit,
968 1150 1001 1176 et
1018 1145 1129 1176 taliter
1147 1155 1223 1176 cum
1240 1145 1392 1177 Soldano
1409 1146 1543 1190 pepigit
1558 1145 1756 1184 Babillonis,
1774 1147 1866 1189 quod
1882 1147 1955 1188 ipse
1972 1147 2084 1178 Yero-

236 1197 389 1228 solimam
421 1202 454 1228 et
485 1197 649 1239 quasdam
681 1196 764 1228 alias
798 1197 950 1228 civitates
980 1197 1131 1230 reddidit
1165 1197 1374 1230 Christianis.
1420 1197 1575 1230 Audiens
1606 1199 1718 1241 itaque
1752 1210 1853 1241 papa,
1889 1198 1982 1241 quod
2015 1205 2085 1231 tam

234 1250 488 1292 potentissimus
511 1250 696 1292 imperator
719 1250 764 1281 ad
787 1250 925 1282 modum
948 1256 1070 1293 pyrate
1093 1261 1186 1282 mare
1210 1251 1394 1289 transisset,
1419 1252 1452 1282 in
1470 1262 1537 1295 quo
1562 1252 1776 1284 tremendum
1793 1262 1918 1284 nornen
1934 1253 2084 1284 Romani

237 1303 376 1345 Imperii
400 1302 491 1345 apud
527 1302 689 1334 barbaras
711 1303 867 1334 nationes
898 1303 1004 1334 minui
1029 1308 1064 1334 et
1087 1303 1233 1346 deprimi
1264 1303 1454 1343 videbatur,
1487 1315 1564 1336 eum
1596 1305 1924 1337 excomunicationis
1947 1305 2083 1337 vinculo

236 1354 454 1393 innudavit³;
479 1361 514 1387 et
537 1366 616 1387 mox
639 1355 735 1386 mixit
758 1355 947 1386 exercitum
969 1356 1006 1386 in
1029 1355 1211 1397 Apuleam,
1228 1362 1265 1388 ut
1282 1366 1357 1388 eam
1376 1357 1535 1388 Ecclesie
1560 1357 1766 1401 subiugaret.
1814 1357 1920 1395 Quod
1943 1357 2084 1390 audiens

237 1409 430 1451 imperator,
453 1407 620 1440 velociter
641 1408 678 1439 in
700 1406 871 1450 Apuleam
895 1413 948 1440 est
971 1418 1137 1441 reversus.
1183 1409 1342 1441 Tandem
1365 1410 1461 1441 facta
1484 1416 1534 1442 est
1558 1410 1745 1442 concordia
1767 1410 1857 1442 inter
1873 1420 1941 1450 eos,
1959 1416 1993 1443 et
2011 1421 2083 1443 ces-

237 1463 325 1495 savit
348 1461 521 1504 quassatio
544 1461 733 1504 preliorum
745 1461 768 1493 ⁴.

1030 1534 1269 1568 Mccxxvn
1270 1535 1301 1578 J.

325 1605 427 1638 Circa
450 1605 515 1636 hec
539 1611 706 1646 tempora,
731 1604 910 1636 clarissimi
931 1614 1031 1648 reges
1054 1605 1220 1649 Yspanye
1244 1615 1308 1648 per
1332 1606 1467 1638 diversa
1490 1606 1658 1639 bellorum
1685 1606 1839 1649 pericula
1871 1614 1904 1640 et
1936 1607 2083 1640 infinitos

236 1658 384 1691 'labores
408 1658 599 1689 Saracenos
623 1657 666 1688 de
690 1657 725 1688 Y
726 1657 844 1699 spanie
868 1657 990 1690 finibus
1015 1658 1245 1700 expulserunt.
1292 1659 1382 1691 Nam
1406 1659 1607 1691 fortissimus
1638 1670 1699 1691 rex
1729 1660 1915 1702 Castelli[e]
1940 1660 2085 1693 obtinuit

235 1712 424 1755 Sybylyam
440 1710 685 1742 nobilissimam
704 1710 888 1748 civitatem,
904 1721 1006 1753 quam
1022 1711 1146 1743 Yulius
1163 1711 1269 1743 Cesar
1286 1712 1415 1744 dicitur
1432 1712 1626 1745 condidisse
1644 1719 1679 1744 et
1694 1713 1862 1757 Yspalym
1878 1713 2083 1753 nominasse,

233 1770 267 1796 et
290 1763 496 1803 Cordubam,
522 1763 566 1795 de
590 1773 658 1805 qua
682 1763 818 1795 Seneca
841 1764 978 1795 moralis
1003 1764 1249 1807 phylosophus,
1273 1771 1307 1796 et
1331 1765 1472 1808 insignis
1495 1773 1600 1807 poeta
1630 1766 1793 1798 Lucanus
1825 1766 1991 1809 originem
2022 1767 2082 1798 ha-

235 1817 392 1850 buerunt.
439 1817 593 1860 Inclytus
615 1826 677 1848 rex
698 1815 899 1860 Aragonum
923 1817 1120 1849 Valentiam
1145 1824 1180 1850 et
1202 1818 1411 1861 Mayolicam
1442 1819 1517 1851 iure
1547 1819 1648 1861 prelii
1679 1820 1869 1862 acquisivit.
1917 1820 2083 1852 Saraceni

233 1877 345 1903 autem
369 1870 411 1902 de
436 1870 585 1912 antiquis
608 1870 747 1902 sedibus
772 1870 914 1913 efugati,
937 1870 1072 1913 navigio
1096 1871 1131 1902 in
1153 1870 1312 1903 Africam
1341 1872 1558 1904 transierunt.
1604 1873 1706 1905 Tunc
1737 1873 1900 1915 temporis
1931 1873 2083 1915 potentia

232 1925 323 1968 regis
346 1923 477 1962 Africe,
495 1923 552 1965 qui
569 1923 693 1955 dicitur
708 1923 925 1963 Mamolinus,
950 1934 1019 1956 non
1042 1924 1151 1956 solum
1175 1931 1226 1957 est
1248 1935 1310 1967 per
1334 1935 1434 1968 reges
1457 1926 1612 1969 Yspanie
1630 1926 1809 1964 diminuta,
1826 1933 1878 1958 set
1902 1927 2003 1958 etiam
2019 1937 2082 1969 per

234 1977 401 2009 vassalum
417 1977 535 2019 ipsius,
551 1986 668 2019 regem
685 1976 820 2009 scilicet
836 1977 986 2016 Tunicii,
1004 1977 1062 2020 qui
1080 1983 1199 2009 contra
1216 1988 1293 2010 eum
1316 1978 1458 2010 viriliter
1481 1979 1671 2011 rebellavit.
1718 1979 1847 2012 Civitas
1871 1985 1982 2011 autem
2008 1981 2080 2012 Tu-

234 2030 315 2061 nicii
338 2030 432 2062 iuxta
456 2040 557 2060 unam
580 2029 742 2070 paludem
766 2029 810 2061 de
833 2040 964 2073 ruynys
987 2030 1210 2062 famosissime
1229 2029 1424 2074 Cartaginis
1442 2031 1534 2063 circa
1550 2032 1671 2064 decem
1687 2032 1831 2064 miliaria
1848 2043 1868 2064 a
1884 2032 2080 2075 Cartagine,

235 2093 303 2126 que
326 2082 408 2114 mari
434 2081 580 2121 adiacet,
606 2088 657 2114 est
681 2087 887 2115 constructa.

1007 2172 1266 2206 Mccxxvm
1268 2173 1298 2216 J.

320 2243 474 2276 Paduani
497 2243 531 2275 in
555 2253 671 2276 mense
695 2243 800 2276 madii
824 2249 970 2275 castrum
995 2244 1121 2287 Gagii5
1145 2245 1394 2283 destruxerunt,
1420 2251 1453 2277 et
1477 2245 1720 2287 aliquantulum
1744 2244 2005 2277 humiliaverunt
2027 2255 2081 2276 su-

233 2298 386 2339 perbiam
409 2297 567 2330 Ecellini.

1048 2370 1266 2404 MCCXXX.

319 2441 420 2473 Circa
442 2441 567 2473 festum
591 2440 699 2472 sancti
726 2440 820 2473 Petri
852 2439 1024 2484 Rieardus
1049 2451 1162 2473 comes
1186 2440 1303 2473 Sancti
1326 2441 1499 2474 Bonefatii
1523 2451 1600 2473 cum
1623 2440 1778 2473 omnibus
1807 2440 1989 2473 maioribus
2020 2450 2079 2472 sue

231 2495 335 2537 partis
359 2500 410 2526 est
434 2500 552 2536 captus
577 2504 596 2525 a
618 2494 686 2526 suis
703 2494 906 2526 adversariis
923 2494 956 2525 in
972 2494 1124 2527 Verona.
1172 2493 1279 2532 Quod
1296 2495 1438 2527 audiens
1454 2495 1640 2534 Ecellinus,
1657 2495 1744 2527 filius
1766 2494 1915 2527 Ecellini
1936 2494 2079 2526 heretici

307 2618 328 2635 1.
348 2609 434 2641 facta]
448 2609 552 2634 factam
566 2609 589 2633 Α
603 2624 634 2627 ——
650 2615 673 2640 5.
687 2609 827 2637 fueratA,
841 2610 879 2633 col
897 2618 972 2641 regno
986 2609 1207 2634 d'abbreviazz'one
1227 2611 1256 2633 di
1274 2618 1291 2634 n
1311 2610 1469 2638 cancellato:
1489 2611 1514 2633 B
1532 2610 1609 2635 Mun.
1629 2624 1661 2627 —
1683 2616 1723 2634 12.
1742 2610 1876 2634 transiret
1895 2609 1987 2639 Mum
2001 2611 2078 2634 tran-

233 2653 313 2676 sisset
324 2652 348 2675 A
361 2665 392 2668 —
407 2651 494 2682 15-16.
504 2653 595 2682 prima
609 2652 638 2674 di
651 2652 866 2682 Yeromlimam,
880 2653 904 2674 si
916 2652 988 2683 legge
1001 2653 1029 2674 in
1040 2652 1063 2675 Α
1075 2652 1263 2677 Babilloniam
1274 2653 1412 2675 cancellato
1424 2652 1492 2676 dallo
1505 2656 1579 2676 stesso
1591 2653 1686 2682 copt'sta
1698 2666 1730 2669 —-
1744 2651 1783 2676 16.
1794 2651 1918 2676 reddidit
1931 2653 1964 2675 da
1975 2651 2052 2676 Mun.
2066 2659 2078 2674 c

232 2693 310 2724 dagli
325 2695 418 2722 Arma
438 2693 545 2717 redivit
563 2694 586 2717 Α
607 2707 639 2711 —
655 2699 695 2724 17.
710 2694 738 2717 in
758 2693 826 2726 quo]
841 2701 895 2726 quo
909 2693 987 2718 Mna.
1001 2708 1033 2711 —-
1049 2695 1089 2719 18.
1103 2694 1224 2725 tagliamo
1238 2694 1313 2726 apud
1326 2695 1400 2725 dagli
1413 2695 1492 2719 Am.
1506 2693 1580 2726 quod
1593 2695 1634 2721 Α,·
1648 2701 1697 2725 per
1716 2693 1794 2718 Mun.
1808 2707 1842 2711 —
1856 2700 1896 2725 ²4·
1911 2692 2075 2724 Saracenos]

233 2742 427 2759 saracenorum
446 2735 470 2758 A
484 2749 515 2752 —
530 2735 571 2760 28.
586 2734 715 2767 navigio]
729 2736 872 2767 navigium
886 2736 909 2759 A
931 2749 963 2753 ——-
984 2742 1026 2768 29.
1040 2736 1237 2760 Miramolinus
1256 2736 1335 2761 Mun.
1349 2749 1381 2754 —
1401 2743 1443 2768 34.
1464 2736 1550 2767 Gagii
1562 2736 1621 2759 AB
1639 2735 1731 2764 Mun.;
1752 2736 1839 2767 Gogii
1858 2736 1938 2759 Am«.

325 2804 330 2819 ¹
356 2806 386 2830 18
406 2805 435 2829 di
456 2813 550 2829 marzo
572 2811 649 2837 1²²7·
1273 2806 1283 2821 ⁴
1305 2807 1346 2831 La
1364 2814 1431 2840 pace
1456 2806 1486 2830 fu
1511 2806 1583 2830 satta
1610 2806 1654 2830 nel
1677 2812 1752 2837 1230.
1773 2818 1805 2823 -—
1826 2805 1883 2834 Qui
1908 2805 1945 2838 gli
1963 2806 2079 2829 Annales

323 2845 334 2861 ²
354 2847 478 2878 Ugolino
498 2847 638 2872 cardtnale
657 2855 671 2871 e
693 2855 811 2873 vescovo
837 2848 961 2878 d'ostia,
981 2848 1021 2872 de'
1041 2848 1130 2873 Conti
1183 2849 1367 2880 aggiungono
1386 2849 1455 2873 altre
1475 2849 1586 2873 notizie,

236 2889 262 2912 di
283 2888 374 2920 Segna
393 2889 425 2912 ed
444 2889 559 2921 Anagni
578 2890 661 2913 eletto
683 2898 755 2923 papa
776 2891 818 2914 nel
839 2898 868 2914 21
892 2898 993 2914 marzo.
1274 2889 1284 2905 5
1306 2891 1431 2922 Godego,
1452 2891 1570 2915 castello
1591 2890 1668 2916 nella
1692 2892 1840 2923 provincia
1866 2890 1894 2915 di
1920 2891 2037 2914 Treviso
2064 2898 2079 2914 a

322 2928 332 2944 ³
353 2936 385 2960 29
404 2931 561 2955 settembre.
1185 2932 1293 2956 sud-est
1312 2933 1339 2957 (li
1359 2934 1489 2957 ansano.

2110 865 2148 895 10

2111 1146 2148 1178 15

2107 1413 2149 1442 20

2107 1713 2147 1745 25

2105 1981 2146 2012 30

2104 2298 2144 2331 35

2110 2856 2141 2873 10
