2307 3592
95 817 133 847 10

94 1080 130 1110 15

86 1345 127 1375 20

87 1608 127 1639 25

87 1874 128 1905 30

87 2403 128 2434 40

90 2929 122 2946 10

161 216 213 251 [A.
234 218 325 250 1306]
799 209 1110 243 CHRONICON
1137 208 1367 243 ESTENSE
1955 210 2002 244 63

161 341 288 373 diarios
311 340 441 372 domini
465 339 697 377 Marchioni53
723 344 757 371 et
781 338 827 370 ibi
851 339 961 370 statim
979 338 1144 380 equitavit
1168 338 1327 370 dominus
1352 338 1540 370 Ghibertus
1564 340 1607 371 de
1624 340 1763 382 Corigia
1788 351 1865 371 cum
1882 350 2005 382 magna

160 394 347 436 quantitate
371 393 534 435 equitum,
557 392 616 424 ubi
640 392 732 424 stetit
755 401 818 434 per
840 391 957 433 plures
981 392 1064 428 dies,
1082 391 1137 422 cui
1162 391 1255 423 cives
1277 392 1382 434 Regii
1407 392 1578 424 dederunt
1602 391 1760 435 bayliam,
1785 393 1878 435 quod
1901 392 1947 424 ibi
1971 393 2005 423 in

161 447 295 478 civitate
320 446 413 478 dicta
436 446 594 477 micteret
617 451 818 487 potestatem
850 455 911 476 suo
942 444 1181 486 beneplacit0;
1207 455 1313 486 quare
1346 444 1391 476 ibi
1423 445 1571 487 reliquid
1602 445 1636 477 in
1668 451 1871 487 potestatem
1895 445 2004 477 domi-

160 510 240 531 num
262 500 440 531 Matheum
464 499 508 530 de
534 497 684 540 Corigia,
709 498 766 540 qui
789 498 834 529 ibi
860 498 894 528 in
920 497 1023 530 offitio
1048 497 1170 529 mansit
1193 498 1238 529 ad
1262 497 1350 529 bene
1373 497 1537 540 placitum
1554 498 1687 530 civium.
1735 499 1781 530 Et
1795 499 1831 530 in
1848 498 1915 530 illis
1932 498 2004 529 die-

161 552 223 584 bus
245 552 459 584 Mutinenses
482 557 516 582 et
538 551 666 594 Regini
691 551 931 582 destruxerunt
954 556 1075 588 castra,
1100 561 1165 594 que
1190 551 1227 582 in
1251 550 1353 582 dictis
1377 551 1568 583 civitatibus
1593 558 1787 584 constructa
1819 557 1917 584 erant
1944 562 2006 592 per

160 605 288 636 dictum
312 605 487 636 dominum
510 604 768 640 Marchionem;
794 610 827 635 et
850 603 1031 635 Mantuani
1053 603 1247 635 habuerunt
1270 604 1439 646 Racolum
1456 604 1475 642 ¹,
1494 611 1527 635 et
1545 604 1654 646 ipsum
1672 610 1869 641 tenuerunt3
1895 604 1945 635 illi
1961 604 2005 635 de

161 656 312 689 Canossa
330 658 494 700 fugerunt
510 657 555 689 ad
572 656 715 688 Gessum
728 657 757 688 ²:
775 663 808 688 et
825 656 882 687 illo
900 666 989 688 anno
1006 657 1072 688 suit
1088 656 1290 688 incredibile
1307 657 1428 699 frigus,
1445 667 1549 699 quare
1566 657 1666 689 vinee
1684 658 1837 699 disperse
1855 658 2004 689 fuerunt.

247 710 379 743 Eodem
402 709 583 741 millesimo
609 714 644 740 et
667 716 833 750 tempore,
858 709 1013 740 dominus
1036 709 1132 750 Papa
1155 709 1249 740 mixit
1272 709 1445 741 dominum
1470 710 1709 752 Napoleonem
1734 711 1777 742 de
1800 710 1934 742 Ursinis
1959 711 2002 741 de

158 764 272 795 Roma
296 763 507 795 cardinalem
539 762 574 793 in
605 763 755 804 legatum
780 762 918 805 Ytalye.
967 761 1117 799 Quando
1148 762 1305 804 pervenit
1337 762 1512 794 civitatem
1543 763 1712 802 Bononie,
1743 763 1890 805 populus
1913 763 2003 794 dicte

157 816 301 848 civitatis
319 815 451 847 cucurit
474 814 534 847 ad'
551 826 647 846 arma
663 815 707 846 ad
724 815 863 846 domum
880 815 964 846 dicti
980 814 1104 857 Legati
1120 821 1154 846 et
1171 815 1280 856 ipsum
1298 815 1552 848 derobaverunt
1565 815 1586 848 ³.
1633 817 1733 848 Tunc
1750 817 1823 858 ipse
1846 817 1937 859 fugit
1959 817 2004 847 ad

158 869 329 900 civitatem
352 868 488 905 Ymole,
514 873 549 898 et
572 867 619 898 ibi
643 867 765 898 mansit
793 873 826 898 et
851 867 1123 899 excomunicavit
1147 867 1272 899 dictam
1298 867 1469 899 civitatem
1492 869 1648 900 Bononie
1680 875 1714 900 et
1745 879 1864 901 omnes
1895 869 2005 900 scola-

156 931 221 959 res,
246 921 304 963 qui
327 921 373 952 ibi
397 920 590 952 habitarent
613 926 646 951 et
668 925 874 960 potestatem
890 919 899 935 ⁴
923 925 957 951 et
982 920 1197 961 capitaneum
1212 919 1233 952 ⁵.
1282 919 1400 956 Quare
1425 921 1576 952 scolares
1599 928 1668 953 tam
1693 922 1761 953 cito
1784 928 2002 954 recesserunt

157 975 201 1006 de
224 974 368 1006 civitate.
415 973 498 1004 Post
520 973 586 1003 hec
609 972 751 1014 Ligatus
773 972 949 1013 predictus
973 972 1106 1013 incepit
1129 982 1288 1015 guerram
1312 983 1388 1004 cum
1414 972 1696 1006 Bononiensibus.

244 1027 377 1058 Eodem
402 1025 580 1056 millesimo
606 1024 649 1056 de
673 1034 789 1056 mense
820 1025 904 1068 julii.
941 1025 1110 1056 Dominus
1132 1025 1317 1056 Bottixella
1341 1026 1385 1057 de
1412 1026 1610 1064 Bonacosis‚
1643 1027 1699 1069 qui
1731 1034 1812 1060 tunc
1839 1034 1912 1059 erat
1943 1028 2004 1059 do-

156 1079 268 1110 minus
290 1079 444 1117 Mantue‚
458 1084 493 1110 et
517 1077 675 1110 dominus
699 1076 869 1109 Albuinus
894 1078 937 1109 de
961 1078 995 1108 la
1019 1078 1133 1116 Scala,
1151 1078 1209 1120 qui
1224 1083 1306 1109 tunc
1324 1085 1397 1110 erat
1420 1079 1578 1110 dominus
1601 1080 1752 1119 Verone,
1775 1081 2003 1124 Bryssienses,

156 1131 387 1169 'Parmenses,
410 1131 615 1168 Placentini,
641 1130 839 1162 Gardexani
862 1136 895 1162 et
918 1130 975 1161 alii
1008 1131 1050 1161 de
1084 1130 1151 1172 liga
1179 1136 1254 1169 etc„
1287 1130 1443 1162 omnibus
1475 1133 1701 1175 congregatis,
1732 1133 1866 1166 iverunt
1897 1143 1998 1175 super

155 1185 346 1227 districtum
371 1184 501 1216 domini
524 1183 676 1226 Acconis
699 1183 907 1215 marchionis
924 1184 1065 1215 estensis
1087 1184 1124 1214 in
1149 1184 1312 1215 comitatu
1337 1184 1504 1227 Figaroli3
1524 1192 1558 1216 et
1575 1195 1651 1216 cum
1677 1186 1725 1218 eis
1751 1193 1823 1218 erat
1847 1187 2005 1219 dominus

152 1238 355 1269 Franciscus
382 1237 538 1268 marchio
571 1236 712 1268 estensis
745 1246 822 1267 cum
855 1236 1086 1279 Safinguerra,
1118 1236 1310 1268 Ramberto
1334 1237 1378 1268 de
1402 1238 1600 1270 Rambertis
1624 1239 1666 1270 de
1692 1240 1861 1278 Ferraria,
1887 1250 2004 1271 omnes

151 1291 278 1322 inimici
302 1290 463 1322 mortales
488 1289 617 1321 domini
640 1288 817 1322 Francisci
840 1289 1006 1330 predicti3
1030 1295 1064 1321 et
1087 1289 1137 1321 sic
1161 1299 1269 1332 agnus
1300 1296 1372 1321 erat
1395 1290 1482 1322 inter
1506 1291 1615 1332 lupos,
1641 1292 1684 1323 ad
1709 1298 1853 1324 mortem
1885 1299 1919 1324 et
1943 1293 2004 1324 de-

151 1344 376 1376 structionem
401 1343 532 1375 domini
556 1341 764 1373 marchionis
794 1341 946 1384 Acconis
963 1342 1123 1379 estensis3
1149 1349 1182 1374 et
1205 1343 1238 1374 vi
1263 1349 1475 1385 acceperunt
1497 1344 1711 1383 Melariam⁶,
1735 1345 1874 1377 Maxam
1886 1345 1908 1385 ⁷,
1934 1351 2004 1378 tur-

150 1397 215 1427 rim
238 1396 387 1428 Policini
410 1394 586 1438 Figaroli8
610 1400 644 1426 et
667 1395 847 1427 Stellatam
861 1393 888 1431 ⁹3
915 1401 948 1426 et
972 1395 1018 1427 ad
1041 1395 1171 1427 dictam
1195 1395 1374 1428 Stellatam
1399 1396 1559 1428 fecerunt
1583 1408 1684 1439 super
1710 1398 1841 1430 Padum
1864 1405 2003 1440 pontem

151 1450 287 1481 navium
304 1456 338 1481 et
354 1449 562 1481 transierunt
578 1448 710 1480 Padum
727 1454 760 1479 et
776 1448 915 1480 iverunt
931 1458 1035 1490 super
1050 1448 1243 1480 Policinum
1260 1449 1397 1481 Casalie
1413 1449 1447 1481 ¹⁰.
1482 1450 1584 1481 Tunc
1602 1450 1824 1493 Salinguerra
1848 1458 1881 1484 et
1897 1452 2004 1484 Ram-

152 1502 269 1535 bertus
293 1509 327 1534 et
350 1502 408 1534 alii
431 1502 565 1533 inimici
590 1507 799 1533 cucurerunt
822 1511 930 1543 usque
957 1501 1129 1533 civitatem
1161 1502 1329 1541 Ferrarie,
1361 1503 1497 1534 scilicet
1529 1505 1621 1545 apud
1654 1504 1839 1542 civitatem,
1871 1512 1905 1537 et
1938 1505 2002 1547 ipsi

153 1556 314 1587 dixerant
337 1555 476 1587 domino
499 1554 682 1587 Bottixelle
705 1560 738 1586 et
763 1553 838 1585 aliis
861 1554 955 1596 quod
979 1554 1204 1586 incontinenti
1237 1555 1456 1587 Ferarienses
1489 1556 1662 1597 aperirent
1688 1557 1738 1588 eis
1769 1564 1885 1599 portas
1918 1558 2004 1590 civi—

152 1608 249 1645 tatis3
275 1614 309 1640 et
332 1608 381 1639 sic
405 1618 474 1639 non
497 1607 578 1644 fuit3
601 1617 717 1650 ymmo
740 1608 768 1639 F
772 1607 978 1639 errarienses
1009 1607 1110 1639 valde
1141 1618 1178 1638 se
1203 1607 1291 1640 bene
1332 1609 1565 1641 defenderunt
1596 1619 1674 1641 cum
1698 1610 1826 1642 balistis
1857 1617 1891 1643 et
1919 1611 2002 1643 aliis.

155 1661 274 1699 Quare
297 1662 365 1693 hoc
389 1661 558 1699 videntes,
582 1660 810 1691 retroiverunt
841 1661 887 1692 ad
918 1660 1045 1692 dictum
1078 1661 1253 1692 dominum
1284 1661 1494 1693 Botixellam
1519 1668 1552 1694 et
1584 1663 1760 1695 dominum
1792 1663 2002 1707 Albuynum‚

155 1715 212 1757 qui
227 1714 276 1746 ibi
293 1720 389 1746 erant
413 1724 491 1745 cum
507 1720 580 1745 toto
598 1713 762 1752 exercitu,
779 1713 916 1745 scilicet
931 1714 976 1745 ad
992 1713 1137 1745 Pontem
1156 1714 1339 1755 Septem1¹‚
1356 1715 1435 1756 quia
1452 1726 1635 1757 numquam
1653 1716 1792 1748 fuerunt
1810 1718 1887 1748 auxi
1911 1723 2004 1749 tran-

150 1768 217 1799 sire
242 1767 371 1799 dictum
395 1773 546 1808 pontem.
571 1767 672 1797 Tunc
697 1766 781 1798 dixit
799 1766 956 1797 dominus
972 1766 1176 1798 Bottixella:
1202 1767 1303 1808 ‚Qcid
1324 1768 1404 1799 est?
1426 1768 1581 1800 habemus
1604 1780 1660 1799 nos
1677 1769 1847 1800 civitatem
1870 1770 2003 1802 Ferra-

152 1821 230 1852 rc'c?
252 1819 537 1861 Responderunt:
563 1819 654 1860 A'on,
679 1819 845 1859 Domina
861 1830 974 1860 ymmo
1008 1819 1229 1851 Ferarmses
1251 1820 1349 1851 valde
1372 1821 1450 1852 bene
1480 1832 1514 1852 se
1537 1819 1729 1863 diffindunt.
1776 1823 1878 1854 Tunc
1894 1823 2001 1855 dixit:

157 1873 224 1905 Ubi
243 1878 292 1904 est
313 1873 465 1904 dominus
489 1872 693 1903 Franciscus
715 1872 866 1903 marchio
889 1877 922 1903 et
944 1872 1013 1914 alii,
1039 1873 1099 1914 qm·
1119 1878 1218 1904 erant
1233 1884 1305 1904 cum
1323 1873 1387 1905 co?
1403 1873 1576 1906 dixerunt:
1594 1874 1749 1915 Domine,
1775 1886 1838 1906 non
1861 1880 1910 1906 est
1930 1876 2003 1917 laic,-

146 1937 258 1969 ymmo
282 1929 331 1957 est
345 1926 392 1956 ad
403 1924 564 1957 Sanctum
580 1923 793 1956 Salvator-em
805 1924 829 1942 ¹²
845 1925 999 1967 z'zfirmus
1015 1926 1056 1957 de
1071 1927 1214 1967 quodam
1231 1926 1386 1957 membro.
1411 1926 1506 1957 Dixit
1523 1932 1604 1958 tunc
1627 1927 1784 1959 dominus
1800 1928 2002 1960 Bott‘nrella:

153 1979 330 2010 Habemus
344 1989 402 2009 nos
425 1979 506 2009 duos
529 1978 747 2018 marchiones,
773 1989 873 2009 unum
897 1983 975 2009 aute
998 1989 1064 2019 nos,
1090 1979 1192 2010 alium
1212 1982 1293 2022 post
1304 1992 1315 2021 ‚-
1339 1990 1428 2021 ergo
1451 1980 1506 2011 laic
1531 1991 1595 2011 non
1619 1985 1667 2011 est
1689 1981 1807 2012 bonum
1831 1992 1911 2013 esse.
1958 1982 2003 2013 Et

154 2031 296 2064 recessit
319 2037 354 2063 et
376 2031 462 2062 fecit
486 2031 659 2062 comburri
683 2041 801 2063 omnes
825 2031 947 2062 domos
971 2037 1005 2063 et
1029 2031 1166 2063 ocidere
1188 2032 1343 2063 homines
1368 2032 1462 2064 circa
1485 2032 1579 2064 dicta
1604 2038 1718 2064 castra
1750 2039 1785 2065 et
1807 2034 2002 2072 fortilicias,

153 2096 238 2127 quas
261 2091 443 2126 ceperant3
469 2090 504 2116 et
527 2083 673 2126 quilibet
697 2084 828 2116 derisus
852 2095 1008 2116 reversus
1036 2090 1086 2116 est
1109 2085 1154 2116 ad
1177 2085 1323 2126 patriam
1347 2096 1453 2117 suam.

240 2137 374 2169 Eodem
398 2144 564 2178 tempore,
589 2143 741 2178 potestas
764 2137 923 2169 Ferrarie
947 2137 1032 2169 fecit
1063 2138 1260 2181 detraynari
1285 2144 1319 2169 et
1341 2139 1503 2179 suspendi
1535 2139 1578 2170 ad
1606 2139 1722 2170 furcas
1751 2140 1839 2171 ultra
1867 2139 2000 2172 Padum

153 2191 328 2222 dominum
352 2191 557 2222 Niccolaum
583 2191 627 2222 de
651 2190 684 2221 la
708 2192 834 2223 Fracta
858 2197 893 2222 et
916 2191 1056 2223 Petrum
1079 2191 1222 2223 fratrem
1241 2191 1320 2223 olim
1344 2192 1495 2234 magistri
1518 2191 1709 2224 Anthonini
1738 2193 1889 2231 sartoris,
1921 2195 2002 2236 quia

153 2244 312 2276 dominus
334 2244 500 2276 Nicolaus
516 2250 589 2276 erat
606 2244 806 2286 capitaneus
823 2244 935 2277 Castri
953 2245 1141 2277 Guillielmi
1155 2244 1176 2260 ¹³
1199 2255 1262 2286 pro
1279 2245 1419 2277 domino
1436 2245 1634 2277 marchione
1649 2246 1793 2289 Accone
1811 2253 1845 2278 et
1861 2247 2002 2279 tradidit

153 2303 299 2328 castrum
322 2297 358 2328 in
381 2307 500 2329 manus
525 2297 657 2329 domini
679 2297 860 2330 Francisci
883 2297 1092 2329 marchionis
1120 2298 1275 2336 estensis,
1308 2298 1367 2340 qui
1399 2304 1472 2330 erat
1495 2298 1654 2330 inimicus
1679 2299 1762 2330 dicti
1793 2300 2000 2331 marchionis

151 2348 320 2392 Acconis:
346 2355 379 2381 et
401 2349 464 2381 iste
487 2349 648 2381 dominus
670 2350 858 2382 Niccolaus
882 2356 916 2382 et
940 2350 1063 2382 Petrus
1085 2350 1240 2382 invencti
1267 2351 1406 2382 fuerunt
1429 2351 1465 2381 in
1496 2356 1608 2383 castro
1640 2351 1857 2384 Lendenarie
1882 2359 2002 2385 contra

151 2402 327 2434 dominum
350 2403 587 2434 marchionem
609 2402 786 2446 Acconem
809 2409 874 2435 etc.
900 2404 944 2435 de
968 2413 1085 2435 mense
1102 2403 1318 2445 septembris.

243 2519 282 2538 12.
303 2514 360 2537 tam
372 2520 420 2537 om.
441 2513 517 2538 Mun.
540 2526 572 2530 —-
595 2518 634 2544 15.
654 2515 682 2536 in
702 2514 821 2545 margine
841 2514 871 2536 dt
888 2521 963 2536 mano
981 2515 1077 2537 seriore
1097 2514 1206 2537 Bellum
1226 2514 1402 2538 Ferrariense
1423 2528 1454 2532 —
1477 2514 1516 2539 16.
1533 2517 1624 2546 prima
1643 2517 1673 2539 di
1691 2517 1822 2541 omnibus
1841 2517 1920 2542 MUR.
1939 2525 1998 2548 agg.

151 2562 213 2578 cum
236 2569 268 2572 —
292 2562 333 2579 21.
354 2555 514 2586 Figarolum
533 2555 576 2582 A‚-
596 2555 721 2587 Figaroli
740 2556 766 2578 B
779 2555 857 2580 MUR.
879 2569 910 2572 —
932 2561 974 2586 23.
992 2559 1123 2580 curerunt
1147 2556 1170 2579 A
1199 2569 1231 2573 ——
1257 2561 1298 2587 35.
1325 2557 1387 2587 dopo
1406 2556 1511 2580 Eodem
1530 2557 1648 2582 BMUR.
1667 2566 1728 2590 agg.
1753 2558 1900 2583 millesimo
1919 2561 1947 2583 et
1968 2574 1998 2577 -

154 2599 196 2630 38.
214 2600 244 2622 in
264 2600 386 2623 castrum
406 2599 429 2622 Α

239 2672 248 2688 ¹
267 2673 406 2706 Reggiolo
426 2674 499 2698 nella
518 2674 666 2706 provincia
685 2674 715 2698 di
735 2674 846 2706 Reggio
866 2682 880 2697 a
904 2681 934 2698 12
950 2674 1000 2698 kil.
1015 2675 1045 2698 E.
1100 2674 1127 2698 di
1147 2675 1239 2699 Massa
1258 2675 1414 2707 Superior-e.

149 2714 178 2739 di
197 2714 355 2743 Guastalla.
1188 2714 1199 2730 7
1219 2716 1309 2741 Massa
1328 2716 1478 2749 Superiore
1497 2726 1514 2742 a
1536 2725 1566 2742 12
1587 2718 1635 2742 kil.
1656 2719 1763 2744 o-S-O.
1782 2719 1811 2743 di
1830 2719 1953 2751 Rovigo.

237 2755 249 2771 ²
268 2757 357 2782 Gesso
376 2757 419 2781 sul
439 2758 574 2783 Crostolo
592 2758 667 2782 nella
687 2758 834 2790 provincia
853 2757 882 2781 di
904 2758 1021 2790 Reggio.
1187 2756 1198 2773 ὃ
1217 2759 1346 2783 Ficarolo
1367 2760 1437 2784 nella
1457 2760 1607 2791 provincia
1626 2761 1655 2784 di
1674 2761 1796 2793 Rovigo.

237 2797 247 2813 3
267 2805 298 2822 22
319 2800 438 2831 maggiO.
460 2799 504 2823 Cf.
523 2800 595 2824 Ann.
615 2799 725 2823 d'Italicz
743 2800 785 2823 ad.
807 2807 850 2823 an.
1188 2799 1198 2815 ‘³
1217 2800 1336 2825 Stellata
1354 2808 1371 2825 a
1390 2808 1423 2826 20
1442 2802 1490 2826 kil.
1508 2803 1582 2827 N-O.
1603 2803 1634 2826 di
1653 2803 1776 2827 Ferrara.

237 2838 246 2854 ⁴
266 2840 381 2864 Simone
400 2841 586 2873 Ferrapecora
607 2841 640 2864 da
657 2841 770 2865 Parma.
807 2841 833 2865 S.
857 2841 962 2871 Muzzx,
988 2842 1046 2864 An·
1178 2842 1199 2857 10
1220 2842 1349 2874 casaglia
1368 2842 1494 2867 frazione
1516 2845 1560 2868 del
1581 2852 1698 2869 comune
1716 2844 1744 2869 di
1764 2845 1892 2870 Ferrara.

148 2881 205 2904 nali
223 2882 252 2904 di
270 2882 398 2913 Bologna,
419 2882 554 2914 Bologna,
577 2882 653 2914 1840,
675 2884 752 2906 tomo
772 2882 808 2912 ΙΙ,
828 2890 855 2913 p.
874 2882 933 2914 460.
1178 2883 1196 2900 ¹¹
1216 2885 1306 2910 Ponte
1325 2886 1353 2909 di
1371 2886 1442 2909 sette
1462 2885 1586 2910 frazione
1606 2886 1649 2911 del
1667 2894 1784 2911 comune
1803 2887 1830 2910 di
1850 2889 1977 2912 Ferrara.

235 2922 246 2937 5
265 2925 340 2948 Dino
361 2925 433 2955 degli
453 2924 551 2948 Obizzi
570 2924 604 2947 da
624 2925 725 2949 Lucca.
763 2925 789 2948 S.
811 2925 916 2954 Muzn,
930 2925 983 2949 loc.
997 2926 1044 2950 cit.
1177 2924 1198 2941 ¹²
1217 2926 1272 2951 San
1293 2927 1441 2951 Salvatore
1461 2928 1488 2951 di
1509 2928 1647 2953 Ficarolo.

236 2964 247 2980 '³
267 2966 373 2991 Melam
391 2966 466 2990 nella
485 2967 635 2998 provincia
649 2967 677 2991 di
691 2967 802 2998 Rovigo
816 2975 833 2991 3
850 2974 879 2990 12
895 2967 945 2992 kil.
969 2968 1042 2992 No.
1177 2966 1198 2982 ¹²
1218 2967 1315 2992 Castel
1335 2968 1491 3001 Guglielmo
1512 2976 1527 2992 a
1547 2977 1562 3000 9
1582 2969 1633 2994 kil.
1652 2970 1751 2995 S-S-O.
1769 2971 1805 2995 da
1825 2971 1996 2996 Lendinara.

2076 1144 2151 1167 Mun„
2168 1144 2217 1163 1103
