2307 3592
43 1381 84 1411 20

42 1731 83 1763 25

51 2729 83 2746 10

106 228 189 265 [AA.
209 230 403 266 1322-1323]

747 226 1057 263 CHRONICON
1085 223 1317 262 ESTENSE

1898 222 1942 260 91

899 381 1117 415 MCCCXXI
1120 382 1149 424 J.

193 472 246 503 De
269 481 384 504 mense
408 473 523 504 madii.

571 472 735 503 Dominus
758 472 863 504 Testa
887 471 930 503 de
956 471 1143 514 Gocadinis
1167 471 1209 503 de
1234 471 1389 503 Bononia
1413 482 1489 503 cum
1514 472 1589 503 aliis
1617 472 1660 503 de
1685 478 1782 513 parte
1813 472 1949 515 Romey

107 523 150 554 de
174 522 337 563 Peppulis
361 522 491 563 expulsi
516 523 560 554 de
585 522 723 554 civitate
746 522 914 559 Bononie‚
939 533 1017 553 cum
1040 531 1163 564 magna
1187 521 1376 563 quantitate
1401 521 1553 563 equitum
1578 528 1611 553 et
1633 522 1796 563 peditum,
1813 521 1949 554 iverunt

106 583 213 615 usque
237 578 352 614 portas
376 573 520 604 civitatis
544 573 708 611 Bononie,
734 573 777 604 de
801 572 922 614 quibus
946 578 1175 604 extrasserunt
1193 573 1355 603 cathenas
1373 578 1407 603 et
1423 579 1601 609 seraturas‚
1623 578 1796 614 sperantes
1821 572 1948 604 habere

65 623 82 654 5
108 623 294 660 civitatem3
320 624 413 665 quod
438 633 506 655 non
530 624 684 654 valentes
707 624 835 662 facere,
860 622 1036 655 redierunt
1059 623 1262 659 Ferrariam,
1286 622 1344 654 ubi
1369 622 1597 654 morabantur.

195 674 330 705 Eodem
353 673 542 712 millesimo,
566 673 609 705 de
633 683 746 705 mense
771 673 914 715 augus‘n'.
938 673 1103 704 Dominus
1127 673 1373 715 Raymondus¹
1393 683 1468 704 cum
1492 683 1616 715 magno
1633 675 1788 706 exercitu
1804 684 1866 715 pro
1884 674 1950 706 Ec-

107 723 214 756 clesia
235 734 376 756 romana
399 724 493 755 venit
516 723 552 755 in
583 723 824 755 Lombardiam
855 724 948 765 apud
971 722 1205 759 Valentiam²;
1239 728 1272 754 et
1302 723 1350 755 ibi
1381 723 1534 755 transivit
1560 723 1701 762 Padum,
1727 730 1762 756 et
1785 724 1881 756 venit
1904 726 1948 757 ad

107 774 251 817 burgum
273 774 473 816 Baxignane
486 773 508 812 ³,
533 780 567 806 et
590 773 711 806 habuit
733 774 878 816 burgum
911 773 1003 806 dicte
1033 780 1133 805 terre.

1180 774 1314 805 Deinde
1343 774 1499 806 dominus
1531 773 1672 806 Marcus
1704 774 1789 807 filius
1820 776 1950 807 domini

108 823 230 856 Maffei
255 825 297 857 de
322 825 593 857 Vicecomitibus
617 834 694 856 cum
718 824 830 856 multis
853 823 1066 867 equestribus
1090 830 1123 856 et
1145 823 1318 865 peditibus
1342 825 1566 857 adcesserunt
1590 831 1708 857 contra
1732 836 1818 864 eum,
1843 832 1877 858 et
1900 827 1950 858 vi-

47 876 84 906 10
109 875 216 906 riliter
238 875 374 916 preliati
398 880 475 906 sunt
499 875 543 906 ad
566 875 714 906 invicem
722 887 730 912 ς
757 881 871 906 tamen
895 875 1052 906 dominus
1075 873 1215 905 Marcus
1239 874 1387 906 obtinuit
1411 880 1444 906 et
1467 876 1684 917 recuperavit
1707 875 1864 918 burgum.

194 925 326 957 Eodem
350 925 527 957 millesimo
553 931 585 957 et
608 925 643 956 in
667 925 732 956 hiis
755 924 888 956 diebus.
920 925 1087 956 Dominus
1110 924 1261 956 Maffeus
1284 925 1327 956 de
1344 924 1614 957 Vicecomitibus
1630 926 1673 957 de
1690 925 1900 965 Mediolano,
1918 934 1951 959 et

108 976 263 1007 dominus
286 976 378 1007 dicte
403 975 558 1014 civitatis,
582 975 701 1007 clausit
724 975 758 1006 in
782 976 941 1007 extremis
953 975 974 1013 ⁴,
999 981 1034 1007 et
1057 975 1208 1016 sepultus
1232 975 1308 1013 fuit,
1332 981 1382 1007 set
1398 975 1597 1018 ingnoratur
1619 976 1688 1008 ubi.

1735 977 1871 1009 Deinde
1887 979 1949 1010 do-

109 1027 217 1058 minus
241 1026 368 1068 Galeac
393 1027 464 1057 eius
488 1026 575 1057 filius
598 1027 712 1057 factus
736 1032 786 1057 est
808 1025 981 1068 generalis
1005 1025 1165 1057 dominus
1189 1025 1281 1057 dicte
1306 1025 1453 1058 civitatis
1476 1032 1510 1058 et
1534 1027 1716 1058 districtus.

195 1075 327 1108 Eodem
350 1076 539 1114 millesimo,
564 1077 607 1108 de
630 1086 745 1108 mense
769 1075 981 1117 septembris.
1006 1075 1170 1107 Dominus
1187 1076 1370 1107 Hostaxius
1387 1076 1431 1108 de
1446 1076 1600 1115 Polenta,
1626 1078 1683 1119 qui
1700 1084 1781 1110 tunc
1799 1085 1872 1111 erat
1888 1080 1933 1111 do

45 1126 83 1158 15
107 1127 218 1158 minus
241 1127 389 1159 civitatis
413 1126 547 1164 Cervie‚
572 1127 714 1159 recessit
738 1127 780 1158 de
804 1126 929 1158 Cervia
952 1132 1083 1158 secrete
1109 1125 1151 1157 de
1175 1132 1288 1164 nocte,
1314 1132 1348 1158 et
1372 1126 1433 1159 ivit
1448 1127 1651 1159 Ravennam
1668 1128 1712 1159 ad
1729 1130 1866 1160 domum
1889 1130 1950 1162 do-

106 1178 188 1209 mini
211 1177 420 1209 arcidiaconi
443 1177 555 1219 patrui
580 1177 678 1209 eius⁵
705 1183 738 1209 et
762 1177 891 1209 domini
922 1177 1106 1214 Ravenne;
1139 1182 1173 1208 et
1205 1176 1332 1208 intrans
1363 1177 1509 1209 hostium
1542 1179 1613 1209 eius
1649 1188 1794 1217 camere,
1824 1180 1951 1213 occidit

109 1239 198 1267 eum,
222 1234 256 1260 et
280 1228 372 1269 cepit
395 1238 457 1269 pro
482 1238 517 1260 se
541 1228 726 1260 dominium
750 1228 918 1260 Ravenne
943 1233 1010 1259 etc.

194 1278 327 1311 Eodem
344 1278 521 1311 millesimo
540 1285 574 1310 et
585 1289 710 1311 mense.
734 1279 850 1310 Rubei
864 1279 907 1310 de
921 1279 1043 1310 Parma
1056 1289 1134 1311 cum
1151 1278 1226 1310 filiis
1243 1279 1370 1311 domini
1387 1279 1545 1312 Ghiberti
1562 1279 1604 1312 de
1623 1279 1763 1323 Corigia
1780 1289 1947 1323 ceperunt

108 1329 278 1362 civitatem
302 1329 434 1368 Parme,
460 1335 494 1361 et
518 1329 738 1371 expulserunt
761 1329 991 1372 Janquilicum
1008 1329 1051 1361 de
1069 1329 1197 1361 Sancto
1220 1329 1337 1360 Vitalli
1355 1330 1398 1361 de
1416 1329 1540 1361 Parma
1556 1341 1632 1362 cum
1651 1336 1721 1362 tota
1745 1331 1817 1363 eius
1841 1338 1949 1374 parte,

194 1380 326 1412 Eodem
350 1379 529 1412 millesimo
547 1380 590 1412 de
607 1390 722 1412 mense
745 1380 905 1412 octubris.
930 1379 1095 1411 Dominus
1110 1380 1304 1422 Vercuxius
1321 1380 1365 1411 de
1380 1380 1501 1412 Lando
1515 1380 1526 1398 ⁶
1543 1381 1586 1412 de
1603 1381 1779 1414 Placentia
1796 1393 1872 1414 cum
1890 1384 1952 1414 mi·-

107 1431 219 1463 litibus
244 1431 373 1463 domini
396 1431 595 1475 Raymondi
620 1430 789 1473 capitanei
812 1441 875 1472 pro
900 1431 1049 1463 ecclesia
1072 1431 1106 1462 in
1129 1430 1349 1468 Lombardia,
1382 1432 1531 1473 expulsit
1559 1431 1734 1475 Acconem
1757 1433 1861 1465 filium
1885 1433 1950 1466 do-

108 1481 189 1512 mini
213 1482 343 1524 Galeac
367 1481 590 1514 Vicecomitis
614 1480 804 1514 Mediolani
827 1488 923 1513 extra
948 1481 1133 1519 civitatem3
1159 1487 1192 1513 et
1216 1481 1404 1513 dominium
1427 1483 1565 1524 accepit
1588 1493 1651 1524 pro
1675 1493 1720 1516 se.

899 1605 1135 1639 Mcccxxn
1136 1608 1167 1650 J.

196 1681 248 1713 De
262 1691 377 1713 mense
390 1682 505 1713 madii.
545 1681 715 1723 Apparuit
730 1681 928 1714 miraculum
946 1682 1067 1714 Crucis
1084 1681 1209 1714 Antine
1226 1682 1261 1713 in
1277 1682 1392 1725 vigilia
1409 1683 1622 1716 pentecostis
1639 1695 1749 1727 prope
1766 1686 1950 1719 Ferariam.

195 1732 327 1764 Eodem
351 1732 544 1771 millesimo,
568 1733 611 1765 de
635 1742 751 1764 mense
773 1733 868 1775 junii.
893 1733 1060 1764 Dominus
1076 1732 1302 1776 Raymundus
1325 1733 1418 1765 venit
1434 1733 1469 1764 in
1488 1733 1632 1777 burgum
1657 1734 1849 1768 Mediolani
1874 1747 1951 1769 cum

106 1793 229 1826 magno
254 1783 418 1822 exercitu,
443 1789 477 1815 et
501 1783 548 1814 ibi
571 1794 653 1825 sepe
679 1794 757 1815 cum
779 1784 973 1815 intrinsecis
997 1784 1144 1815 civitatis
1168 1784 1410 1826 preliabantur.

1456 1785 1590 1817 Tamen
1607 1786 1736 1818 domini
1753 1787 1949 1820 Vicecomi-

105 1839 158 1865 tes
181 1833 411 1872 obtinuerunt,
437 1839 471 1865 et
495 1839 661 1875 ceperunt
685 1834 859 1866 dominum
884 1834 1126 1877 Raymondum
1140 1833 1162 1873 ⁷,
1188 1841 1222 1867 et
1245 1840 1442 1866 carceratus
1465 1835 1542 1868 fuit.

192 1884 326 1916 Eodem
350 1884 540 1923 millesimo,
566 1884 610 1916 de
633 1895 748 1916 mense
771 1884 865 1926 junii.

106 1934 141 1966 in
164 1934 332 1967 Ferraria.

913 1885 1022 1917 Natus
1046 1890 1096 1917 est
1120 1885 1277 1917 dominus
1300 1885 1507 1917 Franciscus
1530 1886 1616 1918 filius
1640 1887 1767 1919 domini
1798 1889 1950 1921 Bertoldi

194 1985 327 2018 Eodem
349 1985 539 2023 millesimo,
566 1986 609 2019 de
633 1997 749 2018 mense
771 1986 855 2028 julii.
880 1986 1034 2019 Nuncius
1058 1987 1186 2018 excelsi
1211 1993 1244 2018 et
1267 1987 1438 2030 magnifici
1464 1987 1591 2020 domini
1615 1988 1743 2021 domini
1764 1990 1950 2032 Imperato-

106 2035 153 2067 ris
177 2046 253 2067 cum
280 2035 566 2068 ambaxiatoribus
590 2037 730 2069 Verone
763 2044 796 2069 et
827 2036 969 2069 Mantue
994 2043 1161 2069 venerunt
1190 2037 1391 2076 Ferrariam,
1417 2048 1519 2069 causa
1543 2040 1713 2072 tractandi
1744 2040 1846 2083 ligam
1872 2052 1949 2073 cum

108 2084 254 2118 dominis
278 2086 538 2120 Marchionibus
562 2088 762 2125 estensibus‚
782 2088 914 2120 scilicet
938 2088 1075 2120 domino
1100 2089 1284 2131 Raynaldo
1311 2095 1342 2120 et
1367 2088 1520 2131 Obicone
1545 2089 1691 2121 dominis
1708 2092 1853 2124 civitatis
1868 2093 1951 2124 Fer-

109 2136 207 2175 rarie,
223 2143 257 2169 et
272 2137 417 2170 firmavit
441 2139 551 2170 dictus
575 2139 719 2171 nuncius
744 2139 871 2171 dictam
895 2139 997 2182 ligam
1025 2149 1101 2171 cum
1125 2139 1393 2178 Marchionibus,
1419 2140 1564 2172 dominis
1588 2140 1631 2173 de
1655 2142 1689 2173 la
1713 2142 1824 2181 Scala,
1840 2144 1949 2175 domi-

110 2189 162 2220 nis
185 2189 328 2223 Mantue
355 2196 420 2222 etc.
435 2190 456 2223 ⁸.

199 2309 222 2326 2.
243 2301 338 2335 Testa]
361 2302 445 2327 Gesta
464 2303 489 2326 B
508 2303 585 2327 Mun.
606 2317 637 2321 —-
661 2311 701 2328 11.
722 2303 765 2327 nel
782 2305 902 2335 margine
927 2305 1032 2327 sinistro
1052 2305 1082 2327 di
1099 2304 1138 2328 A:
1160 2311 1235 2328 mors
1253 2304 1362 2329 domini
1388 2305 1479 2329 Maffei
1499 2305 1678 2330 Vicecomitis
1704 2321 1736 2324 —
1759 2313 1800 2332 12.
1818 2307 1864 2331 nel
1880 2316 1950 2331 mar-

106 2345 171 2375 gine
190 2345 274 2368 destro
294 2345 325 2367 di
341 2345 364 2368 Α
383 2344 483 2369 d'altra
502 2353 595 2369 mano.-
624 2345 743 2370 decessit
768 2346 830 2370 exul
850 2347 878 2369 in
898 2346 1012 2370 abbatia
1038 2346 1199 2370 Clarevallis
1220 2360 1251 2364 —
1274 2346 1315 2371 16.
1334 2348 1503 2371 arcidiacani
1522 2348 1546 2371 A
1566 2360 1597 2364 ——
1624 2355 1662 2379 19.
1682 2348 1714 2372 de
1740 2350 1839 2373 sancto
1859 2350 1950 2374 vitalli

109 2393 168 2417 agg.
188 2387 218 2409 in
237 2387 355 2418 margine
374 2387 403 2409 in
421 2386 446 2410 A
465 2400 498 2404 ——
524 2388 565 2412 ²8.
586 2387 630 2410 nel
646 2387 766 2418 margine
785 2388 815 2410 di
832 2388 941 2411 sinistra
960 2389 988 2411 in
1006 2388 1048 2411 A:
1077 2388 1211 2412 nativitas
1229 2388 1338 2412 domini
1356 2389 1496 2413 Francisci
1520 2389 1571 2413 filii
1590 2389 1615 2414 d.
1634 2389 1758 2414 Bertoldi
1781 2391 1899 2415 estensis
1918 2404 1949 2408 —-

110 2434 152 2459 31.
172 2427 216 2451 nel
238 2429 357 2460 margine
376 2429 405 2451 di
425 2429 535 2452 sinistra
554 2430 583 2452 in
601 2429 642 2452 A:
663 2429 735 2460 Liga
754 2429 854 2453 march.
874 2436 970 2453 veron.
990 2431 1017 2453 et
1037 2431 1124 2454 mant.
1144 2443 1176 2447 —
1197 2437 1239 2461 32.
1257 2431 1383 2454 civitatis
1402 2438 1450 2455 om.
1470 2430 1547 2455 Mun.

196 2514 204 2531 ¹
224 2516 371 2541 Ramondo
390 2517 419 2541 di
445 2517 576 2542 Cardona
598 2525 644 2542 era
670 2526 706 2541 un
731 2519 857 2542 catalano
880 2519 999 2543 assolda-

110 2559 140 2581 to
160 2558 204 2581 dal
221 2558 358 2582 Pontefice
377 2559 407 2583 in
427 2559 597 2583 Lombardia
615 2561 717 2584 contro
736 2560 747 2584 i
765 2560 903 2584 visconti.

198 2598 208 2614 ²
226 2600 347 2625 Valenza
366 2608 381 2624 a
405 2607 434 2624 12
454 2601 500 2625 kil.
519 2602 628 2626 N-N-E.
647 2601 682 2626 da
700 2602 891 2627 Alessandria.

199 2639 210 2656 3
230 2642 404 2674 Bassignana
423 2650 517 2675 presso
535 2643 562 2667 lo
581 2643 682 2667 sbocco
702 2644 744 2667 del
764 2644 875 2668 Tanaro
890 2644 932 2668 nel
952 2644 1000 2668 Po.

197 2682 207 2698 ⁴
226 2682 301 2707 Mori
320 2684 363 2707 nel
381 2685 481 2715 giorno
501 2685 530 2708 di
548 2691 598 2708 san
624 2685 768 2710 Giovanni
788 2687 815 2709 ai
841 2692 874 2716 24
893 2685 921 2710 di
940 2687 1000 2718 giu-

110 2731 174 2756 gno,
189 2732 205 2748 o
225 2725 298 2748 circa
317 2725 379 2756 quel
397 2726 507 2757 giorno.
522 2725 653 2757 GRH-ml,
674 2727 797 2750 Memor-ie
810 2729 934 2758 spettanti
945 2728 1000 2751 alla

109 2764 198 2788 Storia
217 2766 247 2788 di
263 2766 377 2793 stlilano,
396 2766 430 2796 V,
453 2771 510 2796 127,
530 2767 635 2791 Milano
658 2767 730 2798 1856.

199 2805 209 2821 ⁵
227 2807 352 2831 Rinaldo
378 2808 406 2832 di
432 2808 547 2833 Ostasio
573 2809 606 2832 da
626 2809 749 2839 Polenta,
771 2811 948 2835 arcivescovo
971 2811 999 2835 di

108 2848 352 2879 Ravenna‚venne
371 2850 509 2875 trucidato
530 2850 573 2874 dal
591 2852 692 2882 cugino
712 2850 825 2876 Ostasio
839 2852 869 2876 di
882 2853 999 2877 Bernar-

110 2889 177 2913 dino
196 2890 231 2914 da
251 2891 374 2916 Polenta.
411 2892 531 2916 Rinaldo
552 2900 609 2916 non
629 2900 675 2916 era
694 2894 804 2924 signore
815 2893 843 2917 di
856 2894 999 2925 Ravenna,

113 2939 157 2955 ma
176 2940 210 2956 ne
229 2934 329 2957 teneva
349 2934 368 2957 il
389 2935 562 2965 reggimento
581 2934 626 2967 pel
645 2934 757 2959 fratello
769 2935 862 2960 Guido
876 2937 1000 2965 Novello,

110 2973 197 2997 allora
216 2974 347 3006 capitano
367 2975 410 2998 del
430 2975 532 3007 popolo
551 2982 567 2999 a
588 2964 719 3008 Bologna'.
758 2975 803 3001 Cf.
823 2977 923 3006 anm,
948 2978 998 3000 Fa-

1055 2518 1144 2550 mz'glie
1163 2518 1258 2542 celebri
1269 2519 1378 2542 italiane
1393 2532 1425 2535 —
1440 2519 1600 2551 Appendice
1615 2533 1646 2536 —
1661 2520 1797 2552 Famiglia
1820 2519 1832 2532 “
1844 2521 1888 2544 Da
1900 2521 1948 2545 Po-

1057 2559 1069 2572 “
1081 2561 1150 2584 lenta
1168 2562 1271 2593 szgrnori
1289 2562 1319 2584 di
1336 2561 1461 2586 Ravenna
1473 2580 1485 2592 n
1507 2561 1551 2592 (L.
1570 2562 1732 2593 Passerini).

1143 2600 1153 2616 ⁶
1172 2603 1226 2626 Era
1245 2603 1275 2626 di
1294 2603 1386 2626 nobile
1405 2602 1531 2635 famiglia
1551 2604 1711 2634 piacentina
1732 2604 1761 2627 di
1786 2605 1865 2635 parte
1887 2605 1948 2636 ghi-

1054 2644 1162 2674 bellina,
1182 2644 1342 2668 avversaria
1361 2644 1390 2668 di
1418 2645 1533 2668 Alberto
1558 2644 1648 2669 Scotti
1667 2652 1681 2668 e
1700 2644 1816 2668 fautrice
1835 2646 1879 2669 dei
1898 2647 1948 2670 Vi·
1977 2653 1990 2670 2

1055 2685 1156 2709 sconti.

1055 2727 1129 2750 ciato
1149 2727 1179 2750 in
1198 2726 1298 2755 bando,
1325 2727 1348 2750 si
1374 2734 1440 2759 pose
1466 2727 1492 2751 al
1518 2727 1636 2751 servizio
1662 2727 1705 2751 del
1731 2727 1820 2760 legato
1841 2728 1947 2761 papale.

1055 2769 1106 2792 Nel
1128 2767 1192 2800 1326
1211 2775 1256 2792 era
1276 2768 1326 2792 alla
1346 2776 1446 2800 guerra
1466 2769 1495 2793 di
1514 2770 1643 2794 Modena.

1145 2808 1155 2824 ⁷
1175 2810 1334 2834 Raimondo
1353 2810 1381 2834 di
1400 2810 1531 2835 Cardona
1550 2810 1580 2834 fu
1600 2810 1672 2835 fatto
1686 2812 1861 2843 prigioniero
1876 2812 1949 2835 nella

1193 2684 1284 2708 Offeso
1303 2685 1323 2708 il
1341 2685 1475 2709 Versuzio
1496 2685 1530 2709 da
1550 2685 1683 2710 Galeazzo
1704 2686 1841 2718 Visconti,
1855 2694 1869 2710 e
1889 2693 1947 2710 cac-

1055 2851 1188 2883 battaglia
1214 2851 1243 2876 di
1261 2852 1367 2884 Vaprio
1387 2852 1525 2883 (febbraio
1555 2852 1640 2884 1324).
1679 2853 1725 2878 Cf.
1750 2853 1882 2883 Gmmm,
1908 2857 1946 2884 op.
1977 2862 2006 2881 2-

1055 2895 1111 2921 cit„
1131 2894 1155 2916 V
1188 2901 1198 2917 1
1224 2901 1245 2918 1.

1143 2900 1217 2960 3,Ld
1235 2938 1391 2961 strumento
1411 2936 1442 2960 di
1460 2936 1518 2969 lega
1537 2935 1580 2961 fra
1601 2937 1747 2961 Lodovico
1768 2937 1787 2961 il
1807 2937 1914 2961 Bas-aro
1934 2944 1948 2960 e

1055 2978 1065 3001 i
1084 2978 1192 3010 signori
1213 2978 1241 3001 di
1262 2978 1386 3008 Ferrara,
1407 2979 1518 3002 Verona
1537 2985 1551 3002 e
1571 2979 1705 3003 Mantova
1726 2979 1753 3002 fu
1772 2978 1908 3010 stipulato
1928 2978 1948 3002 il
