2307 3592
88 829 125 860 10

86 1092 123 1125 15

82 1624 123 1658 25

84 1963 126 1995 30

92 2613 124 2630 10

94 2821 124 2847 Ι5

151 223 234 258 [AA.
256 225 315 250 123
321 225 375 251 7-1
383 224 457 257 238]

787 215 1099 251 CHRONICON
1132 214 1362 251 ESTENSE
1953 214 1994 249 15

151 350 320 382 diderunt.
365 348 521 381 Marchio
547 348 648 380 etiam
671 347 813 381 estensis
835 347 1053 390 Imperatoris
1076 347 1211 379 nunciis
1234 347 1420 379 amicorum
1436 347 1617 379 destitutus
1633 346 1759 378 auxilio
1784 356 1820 378 se
1843 345 1998 378 subiecit.

150 403 335 445 Postquam
358 407 471 434 autem
493 402 669 445 Ecellinus
692 401 754 434 sub
778 400 962 433 occasione
985 400 1119 443 imperii
1145 399 1289 434 obtinuit
1306 398 1425 432 Padue
1442 399 1663 438 dominatum,
1681 399 1793 433 statim
1818 398 1997 432 obtimates

151 455 295 488 civitatis
319 465 397 487 cum
420 454 498 486 filiis
520 454 590 487 suis
612 455 647 486 in
671 454 811 487 exilium
835 453 1025 486 destinavit.
1074 452 1172 491 Quos
1196 463 1314 486 omnes
1336 459 1457 496 postea
1471 453 1611 485 tradidit
1626 452 1833 495 nequissimo
1850 451 1997 494 principi

150 508 329 547 Federico,
354 509 412 551 qui
435 508 578 540 mictens
603 518 662 540 eos
686 508 720 539 in
742 507 925 550 Apuleam,
950 507 1035 539 fecit
1057 507 1149 549 ipsos
1173 507 1208 538 in
1232 506 1324 539 duris
1342 506 1537 539 carceribus
1569 513 1602 539 et
1627 505 1755 549 caveis}
1767 505 1997 537 subterraneis

151 562 326 601 custodiri,
350 561 409 594 ubi
433 573 476 594 ex
499 572 623 605 magna
645 567 743 604 parte
768 560 1010 593 miserabiliter
1032 560 1218 603 perierunt.
1264 560 1446 592 Dominum
1471 560 1571 592 etiam
1594 560 1795 603 Jordanum,
1814 568 1915 602 quem
1931 558 1999 591 Pa-

151 615 253 648 duani
277 615 373 658 quasi
395 621 528 657 patrem
549 615 670 647 Padue
693 614 922 657 appellabant,
946 614 1098 657 perfidus
1121 613 1293 658 Ecellinus
1318 614 1352 645 in
1378 623 1518 646 carcere
1544 614 1683 657 aligavit
1697 615 1718 645 ¹.

236 668 370 701 Eodem
392 668 582 700 millesimo.
628 668 812 711 Tyrapnus
835 667 956 699 videns
979 667 1114 699 abatem
1137 672 1255 699 sancte
1279 667 1406 699 Iustine
1431 673 1500 699 tam
1522 667 1697 699 nobilitate
1723 667 1863 710 originis
1894 676 1995 708 quam

147 722 302 764 potentia
324 722 500 765 dignitatis
522 722 709 761 suffultum,
733 721 884 753 sciencia
900 726 935 753 et
958 720 1107 752 moribus
1131 721 1333 753 decoratum
1358 726 1392 753 et
1414 720 1611 753 hominibus
1634 721 1830 764 gratiosum,
1855 724 1997 752 conatus

150 780 201 806 est
223 775 268 806 de
291 774 394 817 ipsius
419 774 581 816 captione
611 779 770 806 tractare.
817 772 923 811 Quod
945 783 1224 816 precognescens
1255 772 1337 805 abas
1368 773 1542 806 Ferariam
1569 773 1680 815 primo
1704 773 1803 816 fugit,
1827 778 1905 815 post
1927 781 2000 803 mo-

151 828 231 860 dum
255 828 289 859 in
312 828 435 860 Monte
459 828 553 860 silice
567 827 579 846 ²
602 827 698 860 latuit
720 837 827 870 usque
853 828 897 859 ad
921 827 1106 859 adventum
1137 827 1280 870 augusti.

236 881 276 912 In
299 890 415 912 mense
439 881 552 923 itaque
576 880 779 922 septembris
796 880 986 922 Imperator
1010 890 1087 911 cum
1112 879 1263 911 exercitu
1288 880 1332 911 de
1349 879 1538 912 Alemanea
1555 880 1590 911 in
1607 879 1850 912 Lombardiam
1864 878 1957 911 venit
1971 878 1998 915 3;

149 934 192 965 ad
210 934 304 966 cuius
320 933 524 976 presentiam
542 943 658 966 omnes
674 932 822 965 barones
836 932 994 965 Marchie
1013 938 1248 964 convenerunt
1265 937 1299 964 et
1315 933 1358 965 de
1376 933 1526 975 ipsorum
1545 933 1688 965 consilio
1707 933 1797 975 cepit
1813 933 2002 975 Imperator

148 993 296 1019 tractare
318 997 441 1029 pacem
466 997 542 1019 cum
565 986 771 1025 Mantuanis,
794 991 832 1018 ut
855 986 935 1028 ipsis
957 985 1116 1025 subactis,
1132 986 1266 1018 facilius
1289 986 1374 1018 alios
1398 986 1611 1018 adversarios
1626 987 1771 1028 imperio
1794 986 1999 1029 subiugaret.

236 1041 344 1072 Facta
366 1041 467 1083 igitur
488 1050 575 1082 pace
599 1040 688 1072 inter
710 1040 955 1081 Imperatorem
979 1045 1013 1071 et
1035 1039 1242 1071 Mantuanos
1259 1045 1293 1071 et
1309 1039 1470 1072 comitem
1494 1039 1613 1072 Sancti
1628 1039 1810 1078 Bonefatii‚
1828 1039 1885 1082 qui
1900 1039 2000 1071 Man-

148 1098 239 1125 tuam
264 1092 450 1131 obtinebat,
476 1093 607 1125 obsidio
633 1092 737 1135 longa
761 1092 861 1124 castri
886 1092 1006 1125 Sancti
1030 1092 1205 1124 Bonefatii
1229 1098 1280 1124 est
1295 1092 1414 1124 soluta.
1461 1093 1561 1124 Tunc
1585 1093 1778 1135 Imperator
1801 1103 1878 1124 cum
1904 1101 2001 1124 exer-

149 1147 217 1179 citu
248 1147 395 1179 maximo
426 1146 563 1178 intravit
594 1146 783 1178 districtum
801 1145 940 1185 Bfissie,
964 1146 1174 1178 destruendo
1199 1146 1313 1178 omnia
1337 1146 1505 1178 incendiis
1529 1153 1564 1178 et
1579 1146 1718 1188 rapinis.
1763 1147 1865 1178 Tunc
1897 1145 1999 1178 etiam

147 1201 302 1233 Montem
327 1199 477 1232 clarum4
500 1199 745 1232 nobilissimum
769 1200 883 1231 locum
900 1199 1074 1231 subvertit.
1121 1198 1401 1231 Mediolanenses
1424 1209 1505 1231 vero
1530 1200 1647 1232 amicis
1676 1200 1829 1242 undique
1855 1210 2000 1242 congre-

148 1254 234 1296 gatis
259 1264 335 1285 cum
360 1253 511 1286 exercitu
534 1253 667 1285 infinito
692 1252 729 1284 in
753 1253 915 1284 auxilium
939 1252 1178 1284 Brissiensium
1202 1253 1391 1292 venientes,
1417 1259 1528 1284 castra
1550 1263 1612 1285 sua
1636 1264 1705 1285 non
1719 1254 1821 1297 longe
1839 1253 1881 1285 ab
1899 1263 1998 1285 exer-

148 1306 236 1338 'citu
259 1306 409 1338 Romani
423 1306 591 1348 principis
607 1312 803 1348 posuerunt.
851 1306 912 1338 Set
935 1306 1085 1348 quodam
1110 1306 1248 1338 lutuoxo
1273 1306 1411 1337 fluviolo
1426 1306 1597 1338 mediante
1623 1305 1750 1338 bellum
1775 1306 1999 1339 commictere

148 1359 285 1391 minime
308 1365 503 1401 potuerunt.
551 1359 638 1391 Cum
664 1364 775 1390 autem
799 1358 1077 1390 Mediolanenses
1101 1364 1365 1397 reverterentur,
1389 1358 1496 1391 nichil
1519 1359 1599 1391 mali
1621 1359 1758 1401 penitus
1774 1359 1999 1401 suspicantes,

147 1413 336 1455 imperator
358 1423 436 1444 cum
460 1412 579 1444 militia
602 1411 713 1443 subito
736 1412 896 1453 pervenit
920 1412 964 1444 ad
990 1421 1049 1443 eos
1079 1412 1173 1454 apud
1197 1411 1337 1444 Curtem
1362 1422 1485 1444 novam
1494 1424 1502 1450 ;
1536 1411 1585 1444 'et
1601 1413 1694 1444 facto
1727 1412 1857 1454 impetu
1883 1418 2002 1444 contra

149 1475 218 1503 eOS,
242 1465 366 1497 multos
390 1475 432 1497 ex
456 1465 504 1496 eis
528 1465 620 1506 cepit
642 1470 675 1496 et
698 1465 815 1507 plures
839 1464 976 1496 occidit.
1010 1464 1208 1496 Carrocium
1234 1475 1370 1508 quoque
1394 1465 1544 1507 ipsorum
1569 1471 1602 1496 et
1633 1472 1847 1507 potestatem,
1872 1465 1999 1496 filium5

148 1518 281 1550 scilicet
303 1518 400 1550 ducis
423 1518 647 1550 Venetiarum
661 1516 683 1556 ⁶,
708 1517 863 1549 similiter
887 1517 1100 1560 aprehendit.
1148 1518 1250 1550 Circa
1274 1519 1399 1550 festum
1422 1518 1526 1561 igitur
1550 1518 1641 1550 beati
1657 1517 1798 1551 Andree
1812 1518 1822 1534 ⁷
1848 1519 1998 1560 Impera-

151 1578 205 1604 tor
241 1571 435 1614 predictum
466 1571 672 1614 triumphum
716 1571 759 1603 de
788 1571 1106 1603 Mediolanensibus
1138 1578 1188 1603 est
1220 1572 1375 1614 adeptus.
1422 1572 1524 1603 Tunc
1557 1572 1719 1614 temporis
1743 1572 1934 1614 Imperator
1966 1572 2001 1603 in

150 1625 302 1657 exercitu
325 1624 443 1657 habuit
467 1624 664 1661 elefantem,
691 1625 737 1657 ad
761 1634 862 1667 quem
886 1624 1075 1658 videndum
1100 1624 1320 1658 confluebant
1342 1625 1461 1667 populi
1484 1624 1705 1657 Lombardie.

907 1731 1182 1764 MCCXXXVII
1183 1732 1203 1774 J
1218 1730 1238 1763 ⁸.

237 1803 325 1835 Cum
347 1802 625 1835 Mediolanenses
649 1813 772 1845 pacem
796 1802 923 1835 habere
949 1813 1026 1834 cum
1049 1803 1261 1845 Imperatore
1285 1802 1600 1835 conditionabiliter
1631 1804 1851 1846 postularent,
1884 1805 1996 1846 Impe—

148 1862 240 1888 rator
263 1855 371 1888 noluit
395 1866 454 1888 eos
478 1856 647 1898 recipere,
671 1856 735 1888 nisi
760 1856 852 1888 omni
876 1856 1071 1888 conditione
1095 1862 1243 1895 remota3
1269 1863 1304 1888 et
1325 1856 1391 1888 hac
1416 1857 1460 1889 de
1485 1867 1588 1889 causa
1610 1857 1644 1889 in
1677 1857 1892 1890 contumacia
1922 1868 2001 1900 per-

148 1915 352 1942 manserunt.
397 1909 502 1941 Unde
526 1910 715 1952 Imperator
738 1910 783 1941 ad
807 1909 1051 1942 debellandum
1076 1919 1135 1941 eos
1159 1909 1347 1942 exercitum
1380 1910 1530 1941 validum
1563 1911 1776 1952 preparavit3
1808 1917 1861 1943 set
1886 1911 1997 1953 primo

151 1962 316 2005 disposuit
339 1962 467 1994 amicos
491 1972 607 1994 eorum
632 1962 751 2005 agredi
774 1962 991 1995 Brissienses.
1039 1962 1082 1994 Et
1106 1962 1153 1994 ita
1181 1963 1304 1995 eodem
1336 1973 1425 1995 anno
1457 1963 1648 2005 Imperator
1671 1963 1806 1996 obsedit
1836 1963 1996 1996 Brissiam

149 2015 264 2047 medio
287 2026 406 2047 mense
429 2015 502 2047 iulii
525 2025 633 2058 usque
658 2016 702 2048 ad
726 2017 850 2048 festum
874 2016 984 2050 sancti
1008 2015 1208 2054 Micaelis⁹;
1236 2022 1287 2048 set
1319 2015 1449 2048 civibus
1479 2016 1622 2048 viriliter
1652 2026 1689 2049 se
1721 2017 1998 2055 defendentibus,

151 2069 320 2100 confuxus
342 2069 424 2101 inde
446 2069 599 2102 recessit.

240 2192 264 2217 3.
284 2194 379 2211 omnes
397 2187 410 2209 ὲ
429 2188 487 2210 dato
507 2187 583 2218 dagli
600 2188 678 2212 ANN.
703 2187 760 2212 Una
774 2188 869 2220 petrola
888 2188 1033 2220 z'lleggibile
1045 2196 1058 2212 o
1071 2188 1150 2219 quem*
1162 2186 1276 2220 (cenis?)
1295 2188 1308 2212 ἑ
1327 2189 1389 2212 data
1408 2188 1442 2212 da
1466 2188 1490 2212 Α
1503 2188 1534 2211 B.
1556 2187 1584 2211 Il
1607 2187 1683 2211 MUR.
1695 2191 1782 2219 plcre.-
1802 2194 1901 2212 omnes
1921 2201 1952 2205 —
1974 2194 1998 2218 4.

150 2227 337 2253 subterraneis
355 2237 403 2253 om.
422 2229 448 2252 B
467 2230 560 2260 Mum
581 2230 770 2254 subterraneis
788 2230 801 2253 ἐ
818 2233 885 2255 stato
902 2230 1041 2254 cancellato
1060 2231 1090 2254 in
1108 2230 1144 2258 A,
1163 2238 1206 2254 ma
1220 2233 1277 2262 pur
1294 2231 1319 2254 sz‘
1336 2230 1409 2262 legge
1433 2232 1630 2254 stentatamente
1650 2243 1682 2247 -
1705 2237 1744 2261 14.
1763 2228 1861 2261 Facta]
1882 2230 2000 2254 Peracta

151 2270 229 2295 Mun.
249 2283 282 2288 —
304 2278 342 2302 19.
362 2270 491 2303 lutuoxo]
510 2272 611 2296 limoso
630 2272 724 2303 Mum
743 2272 836 2297 lutoso
857 2273 937 2297 Arm.
957 2286 990 2290 —
1009 2279 1052 2297 22.
1071 2272 1130 2305 eos]
1150 2279 1248 2297 omnes
1266 2273 1292 2296 B
1310 2273 1388 2298 Mun.
1409 2285 1442 2290 ——
1463 2278 1505 2304 24.
1523 2278 1573 2303 per
1598 2271 1701 2296 dictum
1719 2271 1744 2295 A
1766 2285 1798 2289 —-
1824 2276 1865 2302 27.
1884 2271 1999 2304 habere]

150 2312 285 2337 haberent
303 2314 327 2337 A

238 2395 245 2411 ¹
265 2397 296 2420 In
316 2397 457 2423 un’antica
477 2399 624 2423 matricola
650 2399 694 2423 del
720 2399 844 2432 collegio
865 2400 911 2425 dei
935 2399 1043 2425 dottori

148 2439 260 2471 giuristi
280 2441 449 2471 comparisce
468 2441 488 2464 il
508 2448 606 2465 nome:
624 2441 659 2465 D.
680 2442 810 2465 sardanas
822 2443 853 2465 de
869 2442 1044 2474 Transalgar-

150 2481 190 2503 dis
210 2480 249 2512 (T
245 2481 421 2514 ansalgardis)
438 2483 515 2513 prior
527 2484 612 2507 sancti
624 2484 763 2507 Benedicti
781 2484 943 2507 decretorum
959 2485 1045 2508 doctor

149 2522 195 2553 (A.
215 2522 336 2553 GLORIA,
362 2524 477 2548 illamam.
499 2525 710 2549 dell'um'versitii
736 2526 766 2548 di
788 2526 905 2554 padova,
924 2534 951 2557 p.
975 2526 1043 2557 128).

149 2565 191 2588 La
209 2564 342 2597 famiglia
361 2566 390 2590 di
409 2566 555 2592 Giordano
575 2568 600 2592 si
619 2567 730 2592 chiam&
749 2568 838 2592 anche
856 2567 898 2592 dei
919 2567 1044 2593 Forzate.

150 2606 297 2632 Giordano
316 2615 445 2640 compare
464 2609 483 2632 il
498 2616 529 2633 21
545 2609 652 2641 giugno
670 2611 743 2640 1218,
756 2617 835 2634 come
849 2609 1003 2635 mediatore
1016 2610 1044 2634 di

150 2656 219 2680 pace
232 2648 277 2673 fra
290 2650 401 2674 Ezelino
412 2658 426 2674 e
436 2650 463 2675 Ia
474 2649 544 2675 cittii
556 2650 585 2675 di
599 2651 728 2682 Vieenza,
742 2652 890 2684 aggiudica
903 2652 932 2677 ai
943 2652 1044 2676 vicen-

149 2689 207 2714 tini
221 2690 345 2714 Bassano
358 2699 372 2715 e
384 2691 415 2716 ta
424 2686 521 2716 cedere
530 2692 566 2718 da
576 2693 689 2717 Ezelino
701 2694 729 2717 ai
739 2693 882 2718 medesimi
893 2693 1046 2718 Marostica

150 2738 201 2762 per
220 2738 253 2763 40
262 2738 314 2756 ooo
332 2732 402 2757 libre
421 2733 537 2765 (Vsum,
561 2735 620 2759 Cod.
641 2735 712 2763 ecel„
727 2735 791 2760 doc.
804 2741 846 2766 90,
861 2743 906 2768 pp.
927 2734 1044 2766 168-80).

151 2772 205 2796 Nel
227 2779 292 2803 1231
314 2774 376 2805 egli,
396 2775 538 2800 Bernardo
559 2776 668 2801 Guasco
682 2777 716 2801 ed
730 2776 846 2801 Alberto
860 2777 890 2801 di
905 2776 962 2801 San
976 2776 1044 2801 Gio-

151 2815 240 2839 vanni
259 2815 288 2839 di
307 2816 456 2841 Monseuce
472 2817 596 2842 decisero
611 2819 639 2843 la
652 2818 710 2849 lite,
728 2818 778 2842 che
798 2819 827 2843 vi
840 2825 887 2843 era
900 2818 989 2843 allora
1001 2820 1046 2843 tra

152 2855 173 2880 il
191 2857 334 2889 patriarca
354 2858 383 2882 di
401 2859 495 2889 Prato,
521 2859 630 2892 Angelo
656 2861 778 2891 Barozzi,
798 2868 813 2884 e
831 2861 850 2884 il
871 2867 990 2884 vescovo
1017 2860 1046 2884 di

153 2897 288 2928 Castesso,
308 2899 404 2923 Marco
431 2900 547 2925 Michele
574 2901 616 2933 (cf.
643 2901 766 2933 GLOR1A‚
785 2905 823 2933 op.
844 2902 900 2930 cit„
920 2911 946 2935 p.
973 2901 1045 2934 336).

151 2940 174 2964 11
197 2946 226 2970 13
246 2941 358 2973 maggio
381 2948 457 2974 1232,
475 2943 505 2967 in
524 2943 640 2968 Padova
658 2945 732 2969 nella
750 2944 811 2969 sala
830 2944 859 2968 di
879 2944 987 2974 Laudo,
1000 2951 1046 2968 ca-

153 2981 256 3007 nonico
275 2981 431 3015 padovano,
451 2983 550 3008 assiste
570 2983 626 3011 alla
638 2985 740 3010 lettura
754 2985 826 3010 della
839 2992 966 3018 procura,
981 2984 1047 3009 data

1098 2407 1112 2423 a
1133 2401 1221 2424 Porto
1242 2400 1341 2424 Naone
1360 2399 1379 2423 il
1402 2406 1434 2424 10
1454 2399 1576 2430 maggio,
1596 2398 1630 2423 ad
1649 2398 1791 2422 Ermanno
1807 2399 1927 2422 maesti-o
1941 2397 1997 2422 del-

1099 2441 1242 2475 l’ospitale
1270 2441 1313 2466 dei
1339 2441 1490 2466 Teutonici
1515 2442 1550 2466 da
1574 2440 1708 2466 Federico
1735 2439 1760 2463 II
1784 2439 1916 2472 riguardo
1943 2440 1997 2465 alle

1098 2484 1237 2508 discordie
1256 2483 1302 2508 fra
1319 2483 1524 2516 1⁷1mperat0re‚
1539 2482 1590 2507 ele
1603 2480 1677 2506 citta
1696 2481 1766 2506 della
1779 2481 1839 2513 lega
1851 2481 1997 2506 lombarda

1098 2525 1130 2549 ed
1147 2526 1206 2558 agli
1227 2526 1281 2550 atti
1300 2525 1350 2550 che
1369 2527 1393 2549 si
1412 2525 1583 2549 riferiscono
1603 2523 1638 2548 ad
1657 2530 1719 2548 essa
1739 2522 1994 2556 (HurnLARD-BRFL-

1097 2574 1212 2597 normas,
1232 2568 1366 2591 Friderz‘cz'
1383 2567 1423 2595 II,
1438 2568 1557 2590 Historia
1570 2565 1759 2597 Diplomatica,
1779 2566 1858 2589 tomo
1872 2565 1919 2595 IV,
1934 2572 1997 2597 par-

1098 2613 1124 2633 te
1144 2610 1165 2638 Ι,
1184 2617 1231 2642 pp.
1250 2609 1467 2641 345-47-48-52).
1507 2608 1587 2632 Dana
1607 2614 1701 2632 nuova
1721 2607 1789 2632 ediz.
1810 2607 1867 2631 RR.
1888 2607 1923 2631 II.
1946 2607 1994 2630 SS.

1098 2652 1259 2676 Rolandino
1280 2659 1328 2684 per
1348 2658 1416 2675 cura
1436 2651 1464 2675 di
1484 2651 1518 2675 A.
1539 2649 1674 2679 Bonardi,
1693 2657 1721 2681 p.
1741 2655 1784 2681 39.

1186 2692 1198 2709 ²
1218 2694 1372 2719 Monselice
1391 2701 1408 2718 a
1427 2699 1461 2717 20
1478 2693 1526 2717 kil.
1546 2692 1645 2717 S-S-O.
1666 2691 1701 2715 da
1719 2692 1843 2716 Padova.

1188 2734 1198 2751 ³
1218 2736 1305 2768 Segne
1326 2735 1399 2767 negli
1418 2735 1536 2758 Annales
1554 2734 1675 2758 un’altra
1694 2733 1808 2758 notizia.

1188 2777 1199 2793 ⁴
1219 2778 1404 2803 Montichiari
1423 2785 1439 2802 a
1462 2777 1492 2802 18
1511 2777 1559 2801 kil.
1580 2777 1643 2801 s-E.
1665 2776 1699 2800 da
1719 2776 1839 2800 Brescia.

1189 2819 1199 2835 5
1219 2821 1319 2845 Petrus
1338 2820 1491 2852 Teopulus.

1189 2861 1200 2877 ⁶
1222 2862 1340 2887 Iacobus
1359 2861 1509 2894 Teopolus.

1188 2902 1199 2918 7
1219 2909 1254 2935 30
1272 2903 1433 2928 novembre.

1187 2943 1198 2960 ⁸
1218 2945 1265 2970 Gli
1283 2944 1400 2969 Annales
1417 2944 1600 2978 aggiungono
1620 2944 1742 2969 un’altra
1761 2943 1880 2968 notizia.

1189 2985 1199 3002 ⁹
1218 2992 1251 3018 29
1271 2986 1430 3011 settembre.

2077 1316 2152 1336 Mun..
2173 1316 2210 1333 „305

2027 2406 2059 2424 20

2027 2618 2057 2643 ²5

2026 2831 2060 2856 30
