2307 3592
78 821 113 851 10

71 1349 111 1379 20

69 1615 87 1644 to

92 1612 108 1644 (Ji

66 1879 107 1909 30

65 2142 103 2174 35

64 2409 104 2438 40

143 219 194 254 [A.
215 223 229 247 1
237 222 309 255 307]
770 216 1082 252 CHRONICON
1110 217 1279 252 ESTEN
1283 216 1341 252 SE
1925 217 1970 256 (37

141 346 230 376 vobis
253 355 426 376 remancre
449 346 495 376 acl
516 345 697 376 custodiam
722 347 887 377 exercitus
899 359 910 387 ;
933 357 990 377 nos
1014 351 1122 377 tamen
1146 357 1218 378 cum
1241 347 1363 378 nostris
1385 347 1602 389 equitabimus
1625 352 1658 378 ci
1680 348 1877 388 curabimus,
1902 348 1976 379 Deo

139 399 246 439 dante,
272 397 475 435 benefacere.
515 398 682 430 Dominus
705 398 862 430 Marchio
879 397 968 430 dixit
985 399 1036 430 ei:
1062 399 1206 431 Domine
1222 400 1452 441 marescalche,
1470 400 1554 442 quid
1567 405 1615 431 cst
1630 400 1699 441 lcoc,
1724 401 1814 442 quod
1833 401 1944 432 dicitis
1957 401 1976 432 ,Ρ

139 451 250 492 aliquo
274 451 367 481 modo
391 451 462 481 nolo
485 461 661 482 remanere
674 462 687 491 ς
706 463 818 493 ymmo
833 463 904 482 sum
921 452 1018 483 valde
1033 463 1140 483 sanus.
1179 452 1412 484 Marescalcus
1436 452 1632 494 respondit:
1661 452 1803 484 Omnino
1827 464 1976 484 remane-

140 504 238 543 bans,-
261 508 293 534 ct
314 504 346 534 si
367 508 496 534 tantum
520 503 620 534 vultis
644 505 796 546 equitare
819 516 876 535 nos
899 505 1140 536 remanebimus
1164 510 1196 536 ct
1219 516 1281 536 non
1305 506 1472 536 veniemus
1494 506 1668 538 vobiscum.
1693 506 1793 537 Tunc
1818 506 1974 538 dominus

138 556 297 588 Marchio
323 556 411 588 dixit
433 557 484 587 ei:
509 555 588 588 Sine
611 568 662 588 me
686 558 792 588 nichil
802 556 955 600 facietis,
973 559 1052 600 quia
1075 568 1261 599 congnosco
1278 558 1440 600 populum
1464 569 1571 589 mcum
1586 559 1848 601 ferrariensem)
1866 560 1898 590 si
1918 570 1974 590 ero

138 610 173 641 in
195 612 370 651 conspectu
393 609 554 651 ipsorum,
577 613 678 652 spero
702 611 736 641 in
759 610 842 651 Deo,
868 611 957 652 quod
977 611 1154 642 victoriam
1177 611 1388 652 acquiremus
1420 612 1460 642 de
1483 611 1628 642 inimicis
1651 612 1792 652 noslris;
1816 616 1849 642 et
1871 612 1973 643 aliter

138 673 210 693 non.
257 662 489 693 Marescalcus
512 663 708 704 respondit:
732 663 887 701 Domine,
913 674 970 694 nos
992 668 1024 694 et
1046 663 1118 706 ipsi
1140 664 1216 695 bene
1229 663 1401 706 faciemus
1413 677 1425 705 ;
1447 668 1496 695 set
1525 665 1655 695 omnino
1678 664 1731 695 lzic
1753 665 1973 696 remanebitis.

139 713 257 751 Quare
281 714 439 746 Marchio
463 715 584 746 videns
600 715 678 752 hoc,
702 715 877 747 remansit.
900 716 1136 747 Marescalcus
1159 721 1273 748 tamen
1298 727 1374 747 cum
1399 716 1574 748 Catelanis
1599 722 1632 747 et
1658 727 1734 748 cum
1764 717 1832 748 alia
1855 717 1976 749 militia

137 773 170 798 et
193 767 322 808 populo
345 767 556 805 ferrariensi,
585 777 660 798 cum
692 773 763 799 toto
788 768 928 809 navigio
960 768 1198 810 equitaverunt
1222 769 1266 800 ad
1290 774 1437 800 castrum
1462 769 1610 801 Hostilie
1642 768 1685 800 de
1711 770 1976 801 Veronensibus.

137 820 237 852 Tune
261 819 393 852 domini
418 819 558 851 Verone
583 826 680 852 erant
704 821 748 851 ad
772 820 912 851 Turrim
930 821 974 852 de
999 821 1031 852 la
1048 821 1160 858 Scala,
1184 822 1300 853 locum
1316 831 1424 863 prope
1442 822 1626 853 Hostiliam
1645 821 1688 854 ad
1705 834 1807 853 unum
1824 823 1973 859 miliare;

137 872 372 904 Marescalcus
388 883 472 904 vero
495 872 543 904 ibi
566 872 778 914 perveniens,
803 878 975 915 tamquam
992 873 1121 915 probus
1137 873 1245 911 miles,
1264 874 1450 906 descendit
1473 875 1517 906 de
1542 884 1631 916 equo
1664 885 1741 906 cum
1765 875 1878 906 multis
1900 875 1976 906 aliis

137 926 180 957 de
204 925 283 964 suis,
307 931 341 956 et
364 925 498 956 iverunt
521 936 628 968 usque
651 931 783 967 portam
808 926 907 968 burgi
934 926 1021 958 dicti
1046 926 1147 958 castri
1172 926 1328 965 Hostilie,
1351 927 1511 958 insultum
1530 927 1701 959 facientes
1725 933 1758 959 et
1782 928 1976 966 clamantes,

137 978 296 1019 Iugnem,
310 979 450 1020 ingnem
459 990 471 1019 ;
487 983 521 1009 et
537 977 708 1009 vocabant
732 979 760 1010 F
763 978 970 1009 errarienses
983 989 990 1009 ε
1023 978 1135 1010 Venite
1150 979 1230 1010 lzuc:
1247 983 1280 1010 et
1295 979 1463 1010 conamini
1475 980 1625 1011 viriliter
1637 979 1796 1022 prelz'ari',
1814 980 1894 1022 quia
1910 981 1974 1011 cilo

136 1030 325 1062 habebimus
348 1031 537 1062 victoriam.
584 1031 646 1063 Set
670 1032 698 1062 F
701 1031 890 1062 erarienses
913 1031 1094 1063 noluerunt
1117 1031 1266 1072 preliari,
1297 1037 1477 1074 postquam
1509 1043 1578 1064 non
1609 1032 1773 1064 videbant
1796 1033 1974 1065 dominum

136 1093 230 1114 suum
247 1083 499 1115 Marchionem.
546 1083 781 1115 Marescalcus
797 1084 916 1115 videns
932 1084 1010 1121 hoc,
1035 1083 1180 1115 recessit
1203 1084 1246 1116 de
1261 1084 1441 1116 dictoloco
1458 1095 1533 1116 cum
1551 1086 1619 1116 suis
1637 1085 1854 1127 dapnificatis
1878 1086 1975 1122 satis;

135 1142 168 1168 et
183 1136 381 1168 recollectis
399 1136 554 1168 omnibus
570 1137 647 1174 suis,
661 1137 789 1168 reversi
806 1142 884 1168 sunt
900 1137 944 1168 ad
960 1136 1133 1168 dominum
1153 1135 1388 1168 Marchionem
1406 1142 1440 1168 et
1457 1138 1488 1169 ei
1506 1137 1646 1169 naravit'
1663 1138 1795 1175 omnia3
1812 1143 1846 1169 et
1862 1138 1975 1169 factus

136 1194 187 1220 est
209 1194 381 1231 tamquam
406 1189 621 1231 desperatus;
647 1195 681 1220 et
704 1189 739 1220 in
763 1200 797 1220 se
814 1189 991 1230 proposuit
1006 1189 1231 1231 personaliter
1254 1190 1305 1221 ire
1330 1196 1363 1222 et
1387 1190 1534 1232 bapnum
1560 1191 1686 1222 cridari
1713 1191 1796 1222 fecit
1820 1191 1853 1221 in
1878 1200 1975 1222 exer-

135 1242 214 1280 citu,
240 1242 333 1284 quod
358 1252 475 1273 omnes
497 1242 606 1283 parati
631 1248 742 1274 essent
759 1242 795 1273 in
820 1243 940 1274 eadem
964 1248 1065 1274 nocte
1091 1253 1167 1274 cum
1184 1242 1286 1274 armis
1304 1248 1370 1274 etc.
1388 1243 1432 1274 Et
1456 1244 1529 1284 ipse
1552 1243 1675 1282 sciens,
1701 1243 1794 1286 quod
1819 1243 1851 1274 in
1878 1243 1973 1274 dicto

136 1301 246 1326 castro
271 1301 368 1327 erant
389 1295 485 1327 multi
510 1296 553 1327 de
578 1295 645 1326 suis
668 1295 827 1333 inimicis,
851 1295 988 1327 scilicet
1012 1295 1246 1338 Salinguerra,
1271 1296 1478 1327 Rambertus
1503 1297 1545 1327 de
1561 1296 1760 1328 Rambertis
1784 1296 1827 1328 de
1852 1296 1975 1328 Ferra—

134 1348 186 1379 ria
211 1354 244 1379 et
266 1349 382 1389 plures
405 1348 475 1387 alii,
500 1348 640 1389 optabat
664 1358 722 1380 eos
738 1348 827 1390 capi.
866 1348 905 1379 In
929 1348 1043 1379 media
1067 1358 1148 1380 vero
1165 1353 1267 1380 nocte
1284 1349 1329 1381 ad
1345 1359 1463 1380 sonum
1488 1348 1643 1380 tubarum
1661 1355 1839 1380 moverunt
1856 1359 1974 1380 omnes

135 1401 178 1433 de
195 1401 345 1433 exercitu
373 1408 406 1433 et
429 1401 612 1444 navigium,
630 1407 662 1432 et
679 1401 712 1432 in
730 1401 866 1432 nomine
883 1401 1010 1432 domini
1028 1401 1266 1443 equitaverunt
1282 1412 1389 1443 usque
1407 1401 1598 1440 Hostiliam,
1617 1408 1650 1433 et
1666 1402 1712 1433 ibi
1728 1401 1975 1433 ordinaverunt

134 1464 252 1486 omnes
274 1464 367 1492 suos;
392 1460 443 1486 set
466 1460 647 1496 antequam
671 1453 718 1485 ibi
734 1454 966 1495 pervenirent,
983 1454 1213 1496 Salinguerra‚
1230 1454 1439 1486 Rambertus
1463 1460 1497 1486 et
1520 1455 1575 1486 alii
1600 1455 1727 1486 inimici
1748 1453 1973 1492 Marcfflonis,

133 1507 280 1539 scientes
303 1508 346 1539 de
369 1507 521 1538 adventu
545 1507 674 1539 domini
698 1507 919 1544 Marchionis‚
943 1507 1169 1539 incontinenti
1193 1513 1381 1548 posuerunt
1411 1508 1551 1550 ingnem
1575 1508 1609 1539 in
1633 1507 1740 1549 burgo
1765 1514 1798 1539 et
1820 1517 1972 1538 recesse-

133 1566 211 1592 runt
235 1566 268 1592 et
289 1560 425 1592 iverunt
441 1561 484 1592 ad
500 1560 640 1592 Turrim
658 1560 701 1592 de
718 1559 752 1591 la
768 1559 880 1598 Scala,
897 1560 954 1592 ubi
970 1560 1175 1592 invenerunt
1189 1561 1361 1592 dominum
1378 1560 1563 1592 Albuinum
1595 1566 1629 1592 et
1653 1560 1824 1592 dominum
1841 1559 1972 1592 Canem

134 1623 211 1645 cum
234 1613 321 1645 bene
352 1617 451 1644 ΜΠΙΙο
474 1613 636 1645 militibus
667 1619 701 1645 et
724 1617 766 1645 xm
800 1613 975 1655 peditibus
985 1625 993 1650 3
1025 1619 1059 1645 et
1090 1619 1314 1645 narraverunt
1348 1613 1399 1644 eis
1430 1612 1612 1645 adventum
1640 1613 1767 1646 domini
1798 1613 1972 1645 Marchio-

131 1667 192 1698 nis.
240 1666 358 1704 Quare
383 1667 505 1698 videns
529 1667 685 1698 dominus
708 1667 867 1698 Marchio
899 1666 1043 1710 burgum
1075 1667 1224 1698 Hostilie
1257 1667 1484 1704 combustum,
1516 1667 1697 1708 proposuit
1721 1678 1756 1698 se
1780 1667 1829 1698 ire
1854 1666 1972 1698 Serra-

132 1719 264 1758 vallem,
290 1726 435 1752 castrum
460 1720 588 1751 domini
611 1720 807 1757 Botfixesse,
832 1726 866 1751 et
889 1719 937 1751 sic
962 1719 1036 1751 ivit'
1061 1719 1133 1751 sine
1166 1720 1289 1752 timore
1320 1720 1464 1752 alicuius
1495 1721 1548 1751 vel
1581 1720 1780 1762 aliquorum,
1813 1726 1846 1751 et
1877 1720 1971 1750 circa

131 1772 262 1804 dictum
287 1778 434 1804 castrum
459 1778 556 1804 erant
580 1774 681 1804 fovee
706 1773 851 1804 maxime
875 1779 909 1804 et
931 1772 1000 1804 alia
1031 1772 1144 1810 fovea,
1177 1783 1242 1815 que
1274 1773 1373 1804 finem
1405 1783 1500 1804 suum
1524 1772 1673 1804 habebat
1704 1783 1811 1815 usque
1843 1773 1966 1807 valles;

131 1832 164 1857 et
186 1825 221 1856 in
246 1831 357 1857 castro
381 1825 474 1858 dicto
500 1832 597 1857 erant
620 1825 816 1858 Vitalianus
847 1832 880 1857 et
911 1826 1101 1857 Niccolaus
1125 1826 1247 1857 fratres
1272 1826 1315 1857 de
1340 1825 1487 1868 Paganis
1518 1826 1561 1857 de
1586 1826 1743 1857 Ferraria
1765 1825 1911 1858 rebelles
1935 1832 1968 1857 et

131 1878 259 1909 inimici
285 1878 366 1910 dicti
390 1879 614 1918 Marchionis‚
639 1879 696 1921 qui
721 1885 754 1911 et
779 1879 848 1918 alii,
873 1879 930 1921 qui
965 1879 999 1909 in
1030 1879 1124 1910 dicta
1158 1878 1319 1910 fortilicia
1354 1884 1459 1915 erant,
1485 1879 1714 1910 defenderunt
1749 1889 1784 1910 se
1812 1878 1966 1910 viriliter.

130 1931 263 1963 Tamen
286 1942 371 1963 unus
395 1943 437 1963 ex
460 1931 625 1964 militibus
649 1932 777 1964 domini
804 1931 1029 1969 Marchionis,
1054 1932 1111 1974 qui
1134 1931 1321 1963 vocabatur
1339 1931 1496 1964 dominus
1520 1931 1678 1963 Cortesia
1701 1932 1744 1963 de
1770 1931 1969 1969 Caxaliasto,

130 1985 187 2026 qui
211 1985 353 2016 multum
379 1985 542 2027 diligebat
566 1985 741 2016 dominum
757 1985 1004 2022 Marchionem,
1022 1995 1097 2016 cum
1122 1984 1236 2016 multis
1253 1984 1319 2016 suis
1332 1984 1452 2016 amicis
1468 1985 1604 2016 iverunt
1621 1994 1727 2026 usque
1746 1985 1860 2026 capud
1877 1985 1968 2016 dicte

129 2037 230 2068 fovee
247 2037 339 2069 iuxta
355 2037 479 2069 vallem
495 2044 528 2069 et
542 2038 748 2070 transierunt
761 2038 895 2069 foveam
914 2044 948 2070 et
963 2048 1066 2079 super
1090 2047 1189 2081 arger
1213 2037 1304 2069 dicte
1321 2038 1424 2069 fovee
1441 2043 1608 2069 venerunt
1630 2047 1738 2079 usque
1756 2037 1969 2076 fortiliciam‚

129 2091 164 2121 in
188 2101 254 2132 qua
279 2096 375 2122 erant
398 2091 526 2122 inimici
551 2091 681 2122 domini
706 2091 926 2123 Marchionis.
963 2091 1101 2123 Interim
1120 2090 1276 2122 dominus
1293 2090 1454 2122 Marchio
1479 2090 1658 2122 consilium
1683 2101 1779 2122 suum
1803 2090 1969 2122 habuerat

130 2150 385 2187 congregatum,
421 2145 505 2186 quid
540 2150 628 2176 esset
662 2145 880 2181 faciendum;
918 2145 976 2187 qui
1011 2154 1126 2175 omnes
1163 2143 1343 2176 consilium
1379 2144 1550 2176 dederunt
1586 2143 1616 2175 ei
1653 2144 1696 2176 de
1726 2154 1864 2176 recessu
1889 2154 1966 2175 cum

129 2196 206 2234 suis,
231 2197 390 2239 quoniam
414 2197 541 2228 frustra
564 2197 782 2229 morabantur
799 2197 857 2230 ibi.
882 2197 1104 2229 Postmodum
1121 2196 1257 2238 aparuit
1275 2197 1433 2228 dominus
1458 2195 1621 2228 Cortexia
1645 2207 1747 2238 super
1770 2197 1907 2228 foveam
1925 2197 1966 2228 ab

128 2249 194 2280 alio
218 2249 334 2287 latere,
358 2260 459 2292 quem
484 2250 641 2282 dominus
657 2250 818 2282 Marchio
834 2250 1031 2291 respiciens,
1049 2249 1236 2281 admiratus
1253 2254 1315 2288 est,
1333 2255 1366 2280 et
1384 2250 1469 2281 dixit
1486 2249 1570 2281 suis:
1588 2250 1839 2281 Proccrlamus:
1858 2249 1967 2281 cilicie

128 2303 295 2334 dominnm
321 2302 504 2335 Cortesiam
528 2303 619 2334 ultra
632 2301 785 2345 foveam.
831 2303 1026 2335 Consiliarii
1051 2303 1319 2344 responderunt:
1345 2302 1464 2334 Al'olite
1480 2303 1576 2343 mori,
1602 2303 1732 2333 domine
1747 2307 1868 2344 noster,
1894 2313 1966 2333 cum

128 2356 273 2386 omnibus
295 2356 414 2386 vestris
436 2366 535 2386 causa
559 2356 688 2387 domini
711 2355 874 2387 Cortcxie.
907 2355 1090 2397 Qudquid
1119 2359 1292 2397 operatur,
1308 2354 1413 2397 facit,
1446 2359 1483 2386 ut
1508 2355 1615 2397 possit
1638 2356 1767 2386 reverti
1787 2356 1966 2387 fllantuam

128 2408 163 2438 in
185 2409 315 2439 domum
338 2419 442 2439 suam.
490 2409 551 2440 Ille
569 2409 691 2440 nobilis
715 2408 876 2440 Marchio
900 2408 1092 2449 respondit:
1118 2407 1239 2448 Quare
1261 2408 1362 2438 vultis
1378 2408 1549 2439 dimictam
1566 2408 1675 2439 occidi
1695 2408 1833 2439 militem
1849 2409 1966 2439 solium

127 2472 240 2502 meum,
265 2462 325 2503 qui
345 2463 504 2493 transivit
526 2461 752 2504 personaliter
782 2461 830 2492 ibi
859 2462 927 2492 mei
947 2461 1101 2492 honore?
1124 2465 1213 2492 certe
1236 2471 1299 2491 non
1313 2461 1459 2504 faciam,
1478 2472 1591 2503 ymmo
1623 2461 1770 2492 transibo
1806 2461 1854 2491 ad
1882 2473 1964 2493 cum.

125 2514 248 2545 Ducite
270 2525 358 2556 ergo
381 2515 583 2557 lignamina,
608 2519 639 2545 ct
660 2515 721 2554 siat
743 2517 827 2556 pons
841 2517 944 2556 super
957 2512 1098 2556 foveam
1122 2514 1225 2554 luznc;
1249 2520 1282 2545 et
1305 2514 1354 2545 sic
1377 2514 1507 2546 factum
1530 2514 1606 2552 fuit,
1632 2519 1665 2545 et
1688 2514 1735 2545 sic
1760 2514 1866 2556 major
1889 2525 1967 2555 pars

125 2568 275 2610 gentium
300 2568 430 2599 domini
462 2566 679 2599 Marchionis
709 2567 916 2599 transierunt
949 2567 1038 2598 ultra
1071 2574 1221 2608 pontem,
1245 2567 1302 2599 ubi
1333 2567 1537 2598 invenerunt
1559 2577 1688 2608 paucos
1715 2567 1871 2599 inimicos
1905 2568 1967 2599 do-

125 2620 205 2651 mini
230 2620 451 2659 Marchionis‚
475 2621 554 2662 quia
578 2621 769 2653 Vitalianus
786 2626 819 2651 et
835 2620 1000 2651 Nicolaus
1024 2620 1172 2661 predicti
1191 2630 1266 2650 cum
1299 2620 1402 2651 certis
1426 2620 1499 2651 aliis
1521 2621 1588 2651 iam
1612 2620 1783 2663 fugerant,
1809 2621 1965 2662 exceptis

126 2682 214 2710 xvn,
239 2673 295 2715 qui
318 2673 442 2706 mortui
466 2674 616 2705 fuerunt.
655 2673 821 2704 Dominus
837 2672 1035 2705 Passarinus
1052 2673 1095 2704 de
1111 2673 1328 2710 Bonaeoxiis,
1342 2673 1448 2704 frater
1465 2672 1593 2704 domini
1609 2673 1809 2711 Bocfixelle,
1834 2673 1893 2716 qui
1910 2684 1964 2705 su-

126 2735 186 2765 per
209 2732 347 2767 pontem
372 2726 554 2758 Seravallis
579 2732 686 2763 erant,
704 2726 822 2767 fugam
839 2726 1057 2767 arripuerunt
1075 2731 1108 2757 et
1125 2736 1228 2767 super
1252 2726 1380 2757 dictum
1404 2731 1544 2767 pontem
1569 2726 1769 2758 dimiserunt
1786 2726 1964 2758 maximam

215 2888 238 2907 2.
257 2884 298 2906 est
318 2882 409 2912 Mum}
430 2891 476 2906 om.
498 2883 521 2906 Α
543 2897 573 2901 -
594 2889 618 2913 3.
638 2882 717 2914 nolo]
737 2890 794 2906 non
815 2884 839 2906 A
861 2896 893 2900 —
913 2888 937 2913 7.
958 2890 1010 2907 nos
1029 2882 1068 2914 et]
1089 2890 1139 2907 nos
1159 2883 1236 2907 Mna.
1257 2897 1289 2916 ,-
1309 2883 1334 2908 S.
1354 2882 1530 2908 Catelanibus
1550 2884 1572 2907 A
1594 2897 1625 2900 -
1645 2889 1670 2913 9.
1689 2883 1723 2907 de
1742 2883 1963 2914 Veronensibus]

125 2923 328 2948 Veronensium
349 2924 424 2949 Mus.
447 2938 479 2941 —
499 2931 543 2948 21.
562 2924 777 2955 ordinaverunt]
798 2924 927 2949 orclinav.
946 2925 970 2948 A
985 2938 1017 2942 —
1039 2923 1080 2949 26.
1099 2931 1127 2948 se
1142 2932 1188 2947 om.
1204 2922 1279 2949 Muri.
1303 2937 1334 2941 —
1356 2924 1609 2956 26-27.Serrava11e
1627 2925 1651 2947 B
1670 2925 1749 2950 Mun.
1768 2938 1799 2942 ·—
1816 2931 1856 2956 33.
1873 2926 1963 2956 prima

127 2965 155 2986 di
172 2964 284 2989 foveam
302 2965 325 2988 A
345 2965 379 2988 luz
398 2966 497 2990 vallem
516 2968 621 2997 espunto
642 2979 674 2983 —
694 2965 735 2998 36.
756 2966 917 2992 morabatur
936 2967 960 2990 B
979 2966 1057 2991 Mun.
1080 2979 1110 2983 —
1131 2973 1173 2997 40.
1193 2966 1240 2990 Ille
1261 2966 1364 2990 nobilis
1382 2974 1428 2990 om.
1450 2966 1528 2992 Mna.
1549 2979 1580 2984 ——
1601 2974 1643 2998 41.
1663 2966 1728 2998 mei]
1748 2974 1808 2990 meo
1829 2966 1903 2991 Mus.

2053 1148 2126 1167 Mvae„
2146 1150 2176 1167 ὀᾶ(

2047 1730 2137 1751 e.ojr
