<?xml version="1.0" encoding="UTF-8"?>
<!DOCTYPE html PUBLIC "-//W3C//DTD XHTML 1.0 Transitional//EN"
    "http://www.w3.org/TR/xhtml1/DTD/xhtml1-transitional.dtd">
<html xmlns="http://www.w3.org/1999/xhtml" xml:lang="en" lang="en">
 <head>
  <title>
</title>
<meta http-equiv="Content-Type" content="text/html;charset=utf-8" />
  <meta name='ocr-system' content='tesseract 3.04.00' />
  <meta name='ocr-capabilities' content='ocr_page ocr_carea ocr_par ocr_line ocrx_word'/>
</head>
<body>
  <div class='ocr_page' id='page_1' title='image "./p3f1rerumitalica15murauoft_0039.png"; bbox 0 0 2307 3592; ppageno 0'>
   <div class='ocr_carea' id='block_1_1' title="bbox 79 836 115 865">
    <p class='ocr_par' dir='ltr' id='par_1_1' title="bbox 79 836 115 865">
     <span class='ocr_line' id='line_1_1' title="bbox 79 836 115 865; baseline 0 0"><span class='ocrx_word' id='word_1_1' title='bbox 79 836 115 865; x_wconf 74' lang='lat'><strong>10</strong></span> 
     </span>
    </p>
   </div>
   <div class='ocr_carea' id='block_1_2' title="bbox 79 1097 113 1130">
    <p class='ocr_par' dir='ltr' id='par_1_2' title="bbox 79 1097 113 1130">
     <span class='ocr_line' id='line_1_2' title="bbox 79 1097 113 1130; baseline -0.029 0"><span class='ocrx_word' id='word_1_2' title='bbox 79 1097 113 1130; x_wconf 87' lang='grc'><strong>15</strong></span> 
     </span>
    </p>
   </div>
   <div class='ocr_carea' id='block_1_3' title="bbox 31 1629 114 1669">
    <p class='ocr_par' dir='ltr' id='par_1_3' title="bbox 31 1629 114 1669">
     <span class='ocr_line' id='line_1_3' title="bbox 31 1629 114 1669; baseline 0 -9"><span class='ocrx_word' id='word_1_3' title='bbox 31 1629 114 1669; x_wconf 76' lang='lat'><strong>,25</strong></span> 
     </span>
    </p>
   </div>
   <div class='ocr_carea' id='block_1_4' title="bbox 78 2158 118 2189">
    <p class='ocr_par' dir='ltr' id='par_1_4' title="bbox 78 2158 118 2189">
     <span class='ocr_line' id='line_1_4' title="bbox 78 2158 118 2189; baseline 0 0"><span class='ocrx_word' id='word_1_4' title='bbox 78 2158 118 2189; x_wconf 87' lang='grc'><strong>35</strong></span> 
     </span>
    </p>
   </div>
   <div class='ocr_carea' id='block_1_5' title="bbox 82 2426 122 2455">
    <p class='ocr_par' dir='ltr' id='par_1_5' title="bbox 82 2426 122 2455">
     <span class='ocr_line' id='line_1_5' title="bbox 82 2426 122 2455; baseline 0 0"><span class='ocrx_word' id='word_1_5' title='bbox 82 2426 122 2455; x_wconf 75' lang='lat'><strong>40</strong></span> 
     </span>
    </p>
   </div>
   <div class='ocr_carea' id='block_1_6' title="bbox 135 234 1977 279">
    <p class='ocr_par' dir='ltr' id='par_1_6' title="bbox 135 234 1977 279">
     <span class='ocr_line' id='line_1_6' title="bbox 135 234 1977 279; baseline -0.003 -7"><span class='ocrx_word' id='word_1_6' title='bbox 135 245 186 279; x_wconf 89' lang='lat' dir='ltr'><strong>[A.</strong></span> <span class='ocrx_word' id='word_1_7' title='bbox 207 245 303 277; x_wconf 86' lang='lat'>1252]</span> <span class='ocrx_word' id='word_1_8' title='bbox 770 236 1083 272; x_wconf 91' lang='lat' dir='ltr'>CHRONICON</span> <span class='ocrx_word' id='word_1_9' title='bbox 1110 235 1341 271; x_wconf 86' lang='lat' dir='ltr'>ESTENSE</span> <span class='ocrx_word' id='word_1_10' title='bbox 1930 234 1977 267; x_wconf 79' lang='lat'><strong>23</strong></span> 
     </span>
    </p>
   </div>
   <div class='ocr_carea' id='block_1_7' title="bbox 134 356 1999 2838">
    <p class='ocr_par' dir='ltr' id='par_1_7' title="bbox 134 356 1981 445">
     <span class='ocr_line' id='line_1_7' title="bbox 134 356 1981 401; baseline -0.003 -9"><span class='ocrx_word' id='word_1_11' title='bbox 134 370 217 393; x_wconf 90' lang='lat' dir='ltr'><strong>vero</strong></span> <span class='ocrx_word' id='word_1_12' title='bbox 241 369 309 391; x_wconf 90' lang='lat' dir='ltr'><strong>non</strong></span> <span class='ocrx_word' id='word_1_13' title='bbox 334 358 549 391; x_wconf 86' lang='lat' dir='ltr'><strong>immemores</strong></span> <span class='ocrx_word' id='word_1_14' title='bbox 574 358 645 401; x_wconf 90' lang='lat' dir='ltr'><strong>ejus</strong></span> <span class='ocrx_word' id='word_1_15' title='bbox 669 358 950 390; x_wconf 89' lang='lat' dir='ltr'><strong>commendabilis</strong></span> <span class='ocrx_word' id='word_1_16' title='bbox 981 358 1171 400; x_wconf 86' lang='lat' dir='ltr'>probitatis,</span> <span class='ocrx_word' id='word_1_17' title='bbox 1201 368 1277 390; x_wconf 92' lang='lat' dir='ltr'><strong>eum</strong></span> <span class='ocrx_word' id='word_1_18' title='bbox 1302 368 1378 390; x_wconf 92' lang='lat' dir='ltr'><strong>cum</strong></span> <span class='ocrx_word' id='word_1_19' title='bbox 1402 359 1532 390; x_wconf 87' lang='lat' dir='ltr'>honore</span> <span class='ocrx_word' id='word_1_20' title='bbox 1556 358 1705 389; x_wconf 80' lang='lat' dir='ltr'><strong>maximo</strong></span> <span class='ocrx_word' id='word_1_21' title='bbox 1729 356 1886 398; x_wconf 81' lang='lat' dir='ltr'>sepellire</span> <span class='ocrx_word' id='word_1_22' title='bbox 1910 361 1981 387; x_wconf 90' lang='lat' dir='ltr'><strong>stu-</strong></span> 
     </span>
     <span class='ocr_line' id='line_1_8' title="bbox 138 412 574 445; baseline -0.002 0"><span class='ocrx_word' id='word_1_23' title='bbox 138 412 329 445; x_wconf 88' lang='lat' dir='ltr'><strong>diosissime</strong></span> <span class='ocrx_word' id='word_1_24' title='bbox 357 417 574 444; x_wconf 88' lang='lat' dir='ltr'><strong>curaverunt.</strong></span> 
     </span>
    </p>

    <p class='ocr_par' dir='ltr' id='par_1_8' title="bbox 135 464 1981 562">
     <span class='ocr_line' id='line_1_9' title="bbox 222 464 1981 507; baseline -0.002 -11"><span class='ocrx_word' id='word_1_25' title='bbox 222 465 261 497; x_wconf 91' lang='lat' dir='ltr'><strong>In</strong></span> <span class='ocrx_word' id='word_1_26' title='bbox 285 475 401 497; x_wconf 90' lang='lat' dir='ltr'><strong>mense</strong></span> <span class='ocrx_word' id='word_1_27' title='bbox 423 475 506 497; x_wconf 86' lang='lat' dir='ltr'><strong>vero</strong></span> <span class='ocrx_word' id='word_1_28' title='bbox 537 465 652 502; x_wconf 90' lang='lat' dir='ltr'><strong>madii,</strong></span> <span class='ocrx_word' id='word_1_29' title='bbox 678 465 737 496; x_wconf 87' lang='lat' dir='ltr'><strong>filii</strong></span> <span class='ocrx_word' id='word_1_30' title='bbox 761 471 794 496; x_wconf 89' lang='lat' dir='ltr'><strong>et</strong></span> <span class='ocrx_word' id='word_1_31' title='bbox 818 470 962 506; x_wconf 84' lang='lat' dir='ltr'>nepotes</span> <span class='ocrx_word' id='word_1_32' title='bbox 994 465 1181 497; x_wconf 88' lang='lat' dir='ltr'><strong>Guillielmi</strong></span> <span class='ocrx_word' id='word_1_33' title='bbox 1206 465 1250 497; x_wconf 90' lang='lat' dir='ltr'><strong>de</strong></span> <span class='ocrx_word' id='word_1_34' title='bbox 1274 465 1432 498; x_wconf 82' lang='lat' dir='ltr'><strong>Carturio</strong></span> <span class='ocrx_word' id='word_1_35' title='bbox 1456 470 1532 507; x_wconf 92' lang='lat' dir='ltr'><strong>post</strong></span> <span class='ocrx_word' id='word_1_36' title='bbox 1554 464 1658 496; x_wconf 89' lang='lat' dir='ltr'><strong>multa</strong></span> <span class='ocrx_word' id='word_1_37' title='bbox 1681 474 1811 506; x_wconf 85' lang='lat' dir='ltr'><strong>genera</strong></span> <span class='ocrx_word' id='word_1_38' title='bbox 1833 469 1981 495; x_wconf 86' lang='lat' dir='ltr'><strong>tormen-</strong></span> 
     </span>
     <span class='ocr_line' id='line_1_10' title="bbox 135 517 1126 562; baseline 0 -12"><span class='ocrx_word' id='word_1_39' title='bbox 135 525 246 550; x_wconf 88' lang='lat' dir='ltr'><strong>torum</strong></span> <span class='ocrx_word' id='word_1_40' title='bbox 268 519 362 562; x_wconf 84' lang='lat' dir='ltr'><strong>jussu</strong></span> <span class='ocrx_word' id='word_1_41' title='bbox 385 518 495 561; x_wconf 90' lang='lat' dir='ltr'><strong>iniqui</strong></span> <span class='ocrx_word' id='word_1_42' title='bbox 519 517 667 549; x_wconf 91' lang='lat' dir='ltr'><strong>Ecellini</strong></span> <span class='ocrx_word' id='word_1_43' title='bbox 691 523 768 549; x_wconf 90' lang='lat' dir='ltr'><strong>sunt</strong></span> <span class='ocrx_word' id='word_1_44' title='bbox 791 517 910 549; x_wconf 89' lang='lat' dir='ltr'><strong>Padue</strong></span> <span class='ocrx_word' id='word_1_45' title='bbox 937 518 1126 550; x_wconf 72' lang='lat' dir='ltr'><strong>interfecti.</strong></span> 
     </span>
    </p>

    <p class='ocr_par' dir='ltr' id='par_1_9' title="bbox 135 569 1999 2838">
     <span class='ocr_line' id='line_1_11' title="bbox 223 569 1985 614; baseline -0.002 -12"><span class='ocrx_word' id='word_1_46' title='bbox 223 571 357 603; x_wconf 90' lang='lat' dir='ltr'><strong>Eodem</strong></span> <span class='ocrx_word' id='word_1_47' title='bbox 381 571 559 602; x_wconf 90' lang='lat' dir='ltr'><strong>millesimo</strong></span> <span class='ocrx_word' id='word_1_48' title='bbox 585 571 678 602; x_wconf 86' lang='lat' dir='ltr'><strong>circa</strong></span> <span class='ocrx_word' id='word_1_49' title='bbox 703 571 805 601; x_wconf 87' lang='lat' dir='ltr'><strong>finem</strong></span> <span class='ocrx_word' id='word_1_50' title='bbox 829 570 961 613; x_wconf 78' lang='lat' dir='ltr'>augusti</span> <span class='ocrx_word' id='word_1_51' title='bbox 984 570 1171 609; x_wconf 88' lang='lat' dir='ltr'><strong>Ecellinus,</strong></span> <span class='ocrx_word' id='word_1_52' title='bbox 1196 571 1335 602; x_wconf 90' lang='lat' dir='ltr'><strong>humani</strong></span> <span class='ocrx_word' id='word_1_53' title='bbox 1359 571 1494 613; x_wconf 87' lang='lat' dir='ltr'><strong>generis</strong></span> <span class='ocrx_word' id='word_1_54' title='bbox 1518 570 1676 602; x_wconf 85' lang='lat' dir='ltr'><strong>inimicus</strong></span> <span class='ocrx_word' id='word_1_55' title='bbox 1699 570 1894 614; x_wconf 87' lang='lat' dir='ltr'><strong>sugestione</strong></span> <span class='ocrx_word' id='word_1_56' title='bbox 1923 569 1985 600; x_wconf 92' lang='lat' dir='ltr'><strong>de-</strong></span> 
     </span>
     <span class='ocr_line' id='line_1_12' title="bbox 135 621 1982 665; baseline -0.002 -10"><span class='ocrx_word' id='word_1_57' title='bbox 135 633 274 655; x_wconf 89' lang='lat' dir='ltr'><strong>monum</strong></span> <span class='ocrx_word' id='word_1_58' title='bbox 299 629 333 655; x_wconf 90' lang='lat' dir='ltr'><strong>et</strong></span> <span class='ocrx_word' id='word_1_59' title='bbox 357 623 509 655; x_wconf 88' lang='lat' dir='ltr'><strong>omnium</strong></span> <span class='ocrx_word' id='word_1_60' title='bbox 532 623 768 665; x_wconf 84' lang='lat' dir='ltr'><strong>malignorum,</strong></span> <span class='ocrx_word' id='word_1_61' title='bbox 793 624 942 654; x_wconf 90' lang='lat' dir='ltr'><strong>credens</strong></span> <span class='ocrx_word' id='word_1_62' title='bbox 965 630 1087 655; x_wconf 88' lang='lat' dir='ltr'><strong>contra</strong></span> <span class='ocrx_word' id='word_1_63' title='bbox 1109 633 1146 655; x_wconf 91' lang='lat' dir='ltr'><strong>se</strong></span> <span class='ocrx_word' id='word_1_64' title='bbox 1169 623 1309 655; x_wconf 89' lang='lat' dir='ltr'><strong>firmiter</strong></span> <span class='ocrx_word' id='word_1_65' title='bbox 1334 633 1450 655; x_wconf 89' lang='lat' dir='ltr'><strong>omnes</strong></span> <span class='ocrx_word' id='word_1_66' title='bbox 1478 622 1603 654; x_wconf 87' lang='lat' dir='ltr'><strong>milites</strong></span> <span class='ocrx_word' id='word_1_67' title='bbox 1627 629 1661 655; x_wconf 88' lang='lat' dir='ltr'><strong>et</strong></span> <span class='ocrx_word' id='word_1_68' title='bbox 1686 623 1814 655; x_wconf 93' lang='lat' dir='ltr'><strong>electos</strong></span> <span class='ocrx_word' id='word_1_69' title='bbox 1837 621 1982 664; x_wconf 92' lang='lat' dir='ltr'><strong>popula-</strong></span> 
     </span>
     <span class='ocr_line' id='line_1_13' title="bbox 136 674 1982 718; baseline -0.001 -11"><span class='ocrx_word' id='word_1_70' title='bbox 136 686 191 707; x_wconf 88' lang='lat' dir='ltr'><strong>res</strong></span> <span class='ocrx_word' id='word_1_71' title='bbox 213 675 371 707; x_wconf 89' lang='lat' dir='ltr'><strong>Marchie</strong></span> <span class='ocrx_word' id='word_1_72' title='bbox 395 675 603 713; x_wconf 88' lang='lat' dir='ltr'><strong>coniurasse,</strong></span> <span class='ocrx_word' id='word_1_73' title='bbox 628 675 772 707; x_wconf 71' lang='lat' dir='ltr'><strong>extraxit</strong></span> <span class='ocrx_word' id='word_1_74' title='bbox 795 674 1012 706; x_wconf 88' lang='lat' dir='ltr'><strong>mortiferum</strong></span> <span class='ocrx_word' id='word_1_75' title='bbox 1035 675 1187 718; x_wconf 85' lang='lat' dir='ltr'><strong>gladium</strong></span> <span class='ocrx_word' id='word_1_76' title='bbox 1210 675 1491 708; x_wconf 85' lang='lat' dir='ltr'><strong>inrevocabiliter</strong></span> <span class='ocrx_word' id='word_1_77' title='bbox 1511 676 1554 707; x_wconf 93' lang='lat' dir='ltr'><strong>de</strong></span> <span class='ocrx_word' id='word_1_78' title='bbox 1586 675 1720 717; x_wconf 87' lang='lat' dir='ltr'><strong>vagina,</strong></span> <span class='ocrx_word' id='word_1_79' title='bbox 1744 675 1982 716; x_wconf 86' lang='lat' dir='ltr'><strong>incipiensque</strong></span> 
     </span>
     <span class='ocr_line' id='line_1_14' title="bbox 137 727 1985 770; baseline -0.002 -10"><span class='ocrx_word' id='word_1_80' title='bbox 137 740 157 760; x_wconf 90' lang='lat' dir='ltr'><strong>a</strong></span> <span class='ocrx_word' id='word_1_81' title='bbox 179 728 370 760; x_wconf 89' lang='lat' dir='ltr'><strong>Carnorolo</strong></span> <span class='ocrx_word' id='word_1_82' title='bbox 394 728 499 760; x_wconf 84' lang='lat' dir='ltr'><strong>milite</strong></span> <span class='ocrx_word' id='word_1_83' title='bbox 522 728 717 767; x_wconf 88' lang='lat' dir='ltr'><strong>veronensi,</strong></span> <span class='ocrx_word' id='word_1_84' title='bbox 742 737 842 769; x_wconf 90' lang='lat' dir='ltr'><strong>quem</strong></span> <span class='ocrx_word' id='word_1_85' title='bbox 871 727 1116 760; x_wconf 86' lang='lat' dir='ltr'><strong>coniurationis</strong></span> <span class='ocrx_word' id='word_1_86' title='bbox 1139 728 1332 770; x_wconf 89' lang='lat' dir='ltr'><strong>principem</strong></span> <span class='ocrx_word' id='word_1_87' title='bbox 1360 728 1544 766; x_wconf 87' lang='lat' dir='ltr'><strong>asserebat,</strong></span> <span class='ocrx_word' id='word_1_88' title='bbox 1569 733 1637 759; x_wconf 90' lang='lat' dir='ltr'><strong>tam</strong></span> <span class='ocrx_word' id='word_1_89' title='bbox 1661 728 1695 759; x_wconf 88' lang='lat' dir='ltr'><strong>in</strong></span> <span class='ocrx_word' id='word_1_90' title='bbox 1719 727 1861 760; x_wconf 89' lang='lat' dir='ltr'><strong>Verona</strong></span> <span class='ocrx_word' id='word_1_91' title='bbox 1884 737 1985 769; x_wconf 89' lang='lat' dir='ltr'><strong>quam</strong></span> 
     </span>
     <span class='ocr_line' id='line_1_15' title="bbox 136 780 1984 824; baseline -0.001 -12"><span class='ocrx_word' id='word_1_92' title='bbox 136 781 170 812; x_wconf 92' lang='lat' dir='ltr'><strong>in</strong></span> <span class='ocrx_word' id='word_1_93' title='bbox 193 781 314 812; x_wconf 89' lang='lat' dir='ltr'><strong>Padua</strong></span> <span class='ocrx_word' id='word_1_94' title='bbox 338 787 372 812; x_wconf 91' lang='lat' dir='ltr'><strong>et</strong></span> <span class='ocrx_word' id='word_1_95' title='bbox 395 781 580 813; x_wconf 88' lang='lat' dir='ltr'><strong>Vincentia</strong></span> <span class='ocrx_word' id='word_1_96' title='bbox 604 787 639 812; x_wconf 86' lang='lat' dir='ltr'><strong>et</strong></span> <span class='ocrx_word' id='word_1_97' title='bbox 662 780 697 811; x_wconf 92' lang='lat' dir='ltr'><strong>in</strong></span> <span class='ocrx_word' id='word_1_98' title='bbox 722 786 794 812; x_wconf 88' lang='lat' dir='ltr'><strong>tota</strong></span> <span class='ocrx_word' id='word_1_99' title='bbox 816 780 976 812; x_wconf 87' lang='lat' dir='ltr'><strong>Marchia</strong></span> <span class='ocrx_word' id='word_1_100' title='bbox 999 780 1185 812; x_wconf 88' lang='lat' dir='ltr'><strong>inauditam</strong></span> <span class='ocrx_word' id='word_1_101' title='bbox 1208 787 1368 824; x_wconf 88' lang='lat' dir='ltr'><strong>stragem,</strong></span> <span class='ocrx_word' id='word_1_102' title='bbox 1393 786 1427 812; x_wconf 88' lang='lat' dir='ltr'><strong>et</strong></span> <span class='ocrx_word' id='word_1_103' title='bbox 1451 780 1663 812; x_wconf 89' lang='lat' dir='ltr'><strong>occisionem</strong></span> <span class='ocrx_word' id='word_1_104' title='bbox 1687 781 1836 811; x_wconf 91' lang='lat' dir='ltr'><strong>omnium</strong></span> <span class='ocrx_word' id='word_1_105' title='bbox 1860 789 1984 821; x_wconf 90' lang='lat' dir='ltr'><strong>perpe-</strong></span> 
     </span>
     <span class='ocr_line' id='line_1_16' title="bbox 139 832 1985 876; baseline -0.002 -10"><span class='ocrx_word' id='word_1_106' title='bbox 139 835 249 866; x_wconf 81' lang='lat' dir='ltr'><strong>travit.</strong></span> <span class='ocrx_word' id='word_1_107' title='bbox 295 833 434 876; x_wconf 86' lang='lat' dir='ltr'><strong>Ubique</strong></span> <span class='ocrx_word' id='word_1_108' title='bbox 459 834 570 866; x_wconf 87' lang='lat' dir='ltr'><strong>luctus</strong></span> <span class='ocrx_word' id='word_1_109' title='bbox 595 839 678 873; x_wconf 89' lang='lat' dir='ltr'><strong>erat,</strong></span> <span class='ocrx_word' id='word_1_110' title='bbox 702 833 832 875; x_wconf 89' lang='lat' dir='ltr'><strong>ubique</strong></span> <span class='ocrx_word' id='word_1_111' title='bbox 857 833 956 865; x_wconf 93' lang='lat' dir='ltr'><strong>dolor</strong></span> <span class='ocrx_word' id='word_1_112' title='bbox 980 840 1013 865; x_wconf 92' lang='lat' dir='ltr'><strong>et</strong></span> <span class='ocrx_word' id='word_1_113' title='bbox 1036 834 1182 871; x_wconf 84' lang='lat' dir='ltr'><strong>tristitia;</strong></span> <span class='ocrx_word' id='word_1_114' title='bbox 1208 834 1334 876; x_wconf 89' lang='lat' dir='ltr'><strong>ubique</strong></span> <span class='ocrx_word' id='word_1_115' title='bbox 1358 834 1431 865; x_wconf 85' lang='lat' dir='ltr'><strong>dire</strong></span> <span class='ocrx_word' id='word_1_116' title='bbox 1455 834 1571 865; x_wconf 90' lang='lat' dir='ltr'><strong>mortis</strong></span> <span class='ocrx_word' id='word_1_117' title='bbox 1602 834 1728 876; x_wconf 80' lang='lat' dir='ltr'><strong>jmago.</strong></span> <span class='ocrx_word' id='word_1_118' title='bbox 1776 832 1985 864; x_wconf 88' lang='lat' dir='ltr'><strong>Catervatim</strong></span> 
     </span>
     <span class='ocr_line' id='line_1_17' title="bbox 137 885 1988 929; baseline -0.001 -11"><span class='ocrx_word' id='word_1_119' title='bbox 137 886 263 918; x_wconf 84' lang='lat' dir='ltr'><strong>milites</strong></span> <span class='ocrx_word' id='word_1_120' title='bbox 298 892 333 918; x_wconf 91' lang='lat' dir='ltr'><strong>et</strong></span> <span class='ocrx_word' id='word_1_121' title='bbox 367 886 514 929; x_wconf 84' lang='lat' dir='ltr'><strong>majores</strong></span> <span class='ocrx_word' id='word_1_122' title='bbox 537 893 618 918; x_wconf 90' lang='lat' dir='ltr'><strong>natu</strong></span> <span class='ocrx_word' id='word_1_123' title='bbox 650 886 684 917; x_wconf 90' lang='lat' dir='ltr'><strong>in</strong></span> <span class='ocrx_word' id='word_1_124' title='bbox 715 886 792 918; x_wconf 86' lang='lat' dir='ltr'><strong>foro</strong></span> <span class='ocrx_word' id='word_1_125' title='bbox 823 886 948 929; x_wconf 84' lang='lat' dir='ltr'><strong>gladiis</strong></span> <span class='ocrx_word' id='word_1_126' title='bbox 983 886 1213 923; x_wconf 85' lang='lat' dir='ltr'><strong>necabantur;</strong></span> <span class='ocrx_word' id='word_1_127' title='bbox 1246 886 1399 918; x_wconf 89' lang='lat' dir='ltr'><strong>membra</strong></span> <span class='ocrx_word' id='word_1_128' title='bbox 1430 887 1615 918; x_wconf 82' lang='lat' dir='ltr'><strong>frustratim</strong></span> <span class='ocrx_word' id='word_1_129' title='bbox 1647 885 1928 928; x_wconf 83' lang='lat' dir='ltr'><strong>precidebantur3</strong></span> <span class='ocrx_word' id='word_1_130' title='bbox 1955 891 1988 916; x_wconf 87' lang='lat' dir='ltr'><strong>et</strong></span> 
     </span>
     <span class='ocr_line' id='line_1_18' title="bbox 137 938 1987 982; baseline -0.001 -11"><span class='ocrx_word' id='word_1_131' title='bbox 137 950 270 971; x_wconf 89' lang='lat' dir='ltr'><strong>rursum</strong></span> <span class='ocrx_word' id='word_1_132' title='bbox 293 939 442 971; x_wconf 87' lang='lat' dir='ltr'><strong>collecta</strong></span> <span class='ocrx_word' id='word_1_133' title='bbox 466 945 499 970; x_wconf 94' lang='lat' dir='ltr'><strong>et</strong></span> <span class='ocrx_word' id='word_1_134' title='bbox 522 939 680 981; x_wconf 89' lang='lat' dir='ltr'><strong>imposita</strong></span> <span class='ocrx_word' id='word_1_135' title='bbox 702 939 806 981; x_wconf 85' lang='lat' dir='ltr'><strong>rogis,</strong></span> <span class='ocrx_word' id='word_1_136' title='bbox 831 939 909 982; x_wconf 87' lang='lat' dir='ltr'><strong>igne</strong></span> <span class='ocrx_word' id='word_1_137' title='bbox 943 939 1116 981; x_wconf 88' lang='lat' dir='ltr'><strong>subposito</strong></span> <span class='ocrx_word' id='word_1_138' title='bbox 1142 939 1392 971; x_wconf 86' lang='lat' dir='ltr'><strong>cremabantur.</strong></span> <span class='ocrx_word' id='word_1_139' title='bbox 1438 939 1556 970; x_wconf 85' lang='lat' dir='ltr'><strong>Frater</strong></span> <span class='ocrx_word' id='word_1_140' title='bbox 1588 939 1740 976; x_wconf 87' lang='lat' dir='ltr'><strong>fratrem,</strong></span> <span class='ocrx_word' id='word_1_141' title='bbox 1766 938 1987 970; x_wconf 87' lang='lat' dir='ltr'><strong>consobrinus</strong></span> 
     </span>
     <span class='ocr_line' id='line_1_19' title="bbox 139 991 1988 1034; baseline -0.001 -10"><span class='ocrx_word' id='word_1_142' title='bbox 139 992 392 1031; x_wconf 87' lang='lat' dir='ltr'><strong>consobrinum,</strong></span> <span class='ocrx_word' id='word_1_143' title='bbox 417 992 546 1024; x_wconf 91' lang='lat' dir='ltr'><strong>amicus</strong></span> <span class='ocrx_word' id='word_1_144' title='bbox 571 992 717 1024; x_wconf 88' lang='lat' dir='ltr'><strong>amicum</strong></span> <span class='ocrx_word' id='word_1_145' title='bbox 742 992 901 1024; x_wconf 83' lang='lat' dir='ltr'><strong>tradebat</strong></span> <span class='ocrx_word' id='word_1_146' title='bbox 923 993 968 1024; x_wconf 90' lang='lat' dir='ltr'><strong>ad</strong></span> <span class='ocrx_word' id='word_1_147' title='bbox 991 998 1134 1024; x_wconf 88' lang='lat' dir='ltr'><strong>mortem</strong></span> <span class='ocrx_word' id='word_1_148' title='bbox 1159 999 1193 1024; x_wconf 88' lang='lat' dir='ltr'><strong>et</strong></span> <span class='ocrx_word' id='word_1_149' title='bbox 1216 992 1364 1034; x_wconf 90' lang='lat' dir='ltr'><strong>propriis</strong></span> <span class='ocrx_word' id='word_1_150' title='bbox 1387 992 1542 1024; x_wconf 91' lang='lat' dir='ltr'><strong>manibus</strong></span> <span class='ocrx_word' id='word_1_151' title='bbox 1567 992 1768 1024; x_wconf 86' lang='lat' dir='ltr'><strong>trucidabat.</strong></span> <span class='ocrx_word' id='word_1_152' title='bbox 1814 991 1888 1023; x_wconf 89' lang='lat' dir='ltr'><strong>Hiis</strong></span> <span class='ocrx_word' id='word_1_153' title='bbox 1912 1001 1988 1022; x_wconf 91' lang='lat' dir='ltr'><strong>sce-</strong></span> 
     </span>
     <span class='ocr_line' id='line_1_20' title="bbox 138 1044 1987 1088; baseline -0.001 -11"><span class='ocrx_word' id='word_1_154' title='bbox 138 1045 265 1077; x_wconf 89' lang='lat' dir='ltr'><strong>leribus</strong></span> <span class='ocrx_word' id='word_1_155' title='bbox 291 1045 455 1078; x_wconf 92' lang='lat' dir='ltr'><strong>credebat</strong></span> <span class='ocrx_word' id='word_1_156' title='bbox 479 1045 623 1088; x_wconf 89' lang='lat' dir='ltr'><strong>quilibet</strong></span> <span class='ocrx_word' id='word_1_157' title='bbox 647 1055 683 1077; x_wconf 92' lang='lat' dir='ltr'><strong>se</strong></span> <span class='ocrx_word' id='word_1_158' title='bbox 708 1044 908 1087; x_wconf 86' lang='lat' dir='ltr'><strong>obsequium</strong></span> <span class='ocrx_word' id='word_1_159' title='bbox 931 1051 1083 1087; x_wconf 88' lang='lat' dir='ltr'><strong>prestare</strong></span> <span class='ocrx_word' id='word_1_160' title='bbox 1108 1051 1307 1088; x_wconf 83' lang='lat' dir='ltr'><strong>tyrampn03</strong></span> <span class='ocrx_word' id='word_1_161' title='bbox 1333 1050 1366 1077; x_wconf 92' lang='lat' dir='ltr'><strong>et</strong></span> <span class='ocrx_word' id='word_1_162' title='bbox 1394 1051 1507 1076; x_wconf 89' lang='lat' dir='ltr'><strong>tamen</strong></span> <span class='ocrx_word' id='word_1_163' title='bbox 1531 1045 1597 1084; x_wconf 84' lang='lat' dir='ltr'><strong>isti,</strong></span> <span class='ocrx_word' id='word_1_164' title='bbox 1626 1045 1684 1088; x_wconf 91' lang='lat' dir='ltr'><strong>qui</strong></span> <span class='ocrx_word' id='word_1_165' title='bbox 1707 1045 1771 1077; x_wconf 91' lang='lat' dir='ltr'><strong>hec</strong></span> <span class='ocrx_word' id='word_1_166' title='bbox 1803 1044 1987 1081; x_wconf 80' lang='lat' dir='ltr'><strong>faciebant,</strong></span> 
     </span>
     <span class='ocr_line' id='line_1_21' title="bbox 139 1097 1988 1140; baseline -0.002 -10"><span class='ocrx_word' id='word_1_167' title='bbox 139 1104 216 1140; x_wconf 87' lang='lat' dir='ltr'><strong>post</strong></span> <span class='ocrx_word' id='word_1_168' title='bbox 251 1108 381 1140; x_wconf 91' lang='lat' dir='ltr'><strong>paucos</strong></span> <span class='ocrx_word' id='word_1_169' title='bbox 409 1098 484 1129; x_wconf 88' lang='lat' dir='ltr'><strong>dies</strong></span> <span class='ocrx_word' id='word_1_170' title='bbox 515 1098 548 1129; x_wconf 88' lang='lat' dir='ltr'><strong>in</strong></span> <span class='ocrx_word' id='word_1_171' title='bbox 580 1097 687 1129; x_wconf 87' lang='lat' dir='ltr'><strong>simile</strong></span> <span class='ocrx_word' id='word_1_172' title='bbox 719 1098 838 1130; x_wconf 88' lang='lat' dir='ltr'><strong>mortis</strong></span> <span class='ocrx_word' id='word_1_173' title='bbox 869 1098 1028 1140; x_wconf 87' lang='lat' dir='ltr'><strong>laqueum</strong></span> <span class='ocrx_word' id='word_1_174' title='bbox 1060 1097 1269 1130; x_wconf 87' lang='lat' dir='ltr'><strong>incidebant.</strong></span> <span class='ocrx_word' id='word_1_175' title='bbox 1316 1097 1395 1130; x_wconf 89' lang='lat' dir='ltr'><strong>Filii</strong></span> <span class='ocrx_word' id='word_1_176' title='bbox 1426 1097 1592 1129; x_wconf 90' lang='lat' dir='ltr'><strong>nobilium</strong></span> <span class='ocrx_word' id='word_1_177' title='bbox 1623 1104 1657 1129; x_wconf 92' lang='lat' dir='ltr'><strong>et</strong></span> <span class='ocrx_word' id='word_1_178' title='bbox 1688 1097 1830 1129; x_wconf 88' lang='lat' dir='ltr'><strong>aliorum</strong></span> <span class='ocrx_word' id='word_1_179' title='bbox 1863 1097 1988 1129; x_wconf 87' lang='lat' dir='ltr'><strong>civium</strong></span> 
     </span>
     <span class='ocr_line' id='line_1_22' title="bbox 139 1149 1984 1194; baseline -0.001 -12"><span class='ocrx_word' id='word_1_180' title='bbox 139 1150 264 1182; x_wconf 89' lang='lat' dir='ltr'><strong>&#39;oculis</strong></span> <span class='ocrx_word' id='word_1_181' title='bbox 287 1151 529 1192; x_wconf 83' lang='lat' dir='ltr'><strong>privabantur3</strong></span> <span class='ocrx_word' id='word_1_182' title='bbox 555 1156 590 1182; x_wconf 85' lang='lat' dir='ltr'><strong>et</strong></span> <span class='ocrx_word' id='word_1_183' title='bbox 612 1160 730 1182; x_wconf 91' lang='lat' dir='ltr'><strong>eorum</strong></span> <span class='ocrx_word' id='word_1_184' title='bbox 754 1150 959 1194; x_wconf 86' lang='lat' dir='ltr'><strong>genitalibus</strong></span> <span class='ocrx_word' id='word_1_185' title='bbox 990 1150 1183 1192; x_wconf 89' lang='lat' dir='ltr'><strong>amputatis,</strong></span> <span class='ocrx_word' id='word_1_186' title='bbox 1210 1150 1479 1182; x_wconf 86' lang='lat' dir='ltr'><strong>includebantur</strong></span> <span class='ocrx_word' id='word_1_187' title='bbox 1502 1150 1536 1181; x_wconf 91' lang='lat' dir='ltr'><strong>in</strong></span> <span class='ocrx_word' id='word_1_188' title='bbox 1561 1150 1758 1182; x_wconf 89' lang='lat' dir='ltr'><strong>carceribus</strong></span> <span class='ocrx_word' id='word_1_189' title='bbox 1783 1149 1984 1186; x_wconf 86' lang='lat' dir='ltr'><strong>tenebrosis,</strong></span> 
     </span>
     <span class='ocr_line' id='line_1_23' title="bbox 139 1203 1989 1246; baseline -0.001 -10"><span class='ocrx_word' id='word_1_190' title='bbox 139 1204 196 1236; x_wconf 92' lang='lat' dir='ltr'><strong>ubi</strong></span> <span class='ocrx_word' id='word_1_191' title='bbox 219 1204 456 1236; x_wconf 89' lang='lat' dir='ltr'><strong>moriebantur</strong></span> <span class='ocrx_word' id='word_1_192' title='bbox 486 1204 588 1235; x_wconf 84' lang='lat' dir='ltr'><strong>famis</strong></span> <span class='ocrx_word' id='word_1_193' title='bbox 618 1204 756 1235; x_wconf 85' lang='lat' dir='ltr'><strong>horibili</strong></span> <span class='ocrx_word' id='word_1_194' title='bbox 781 1205 944 1236; x_wconf 87' lang='lat' dir='ltr'><strong>cruciatu.</strong></span> <span class='ocrx_word' id='word_1_195' title='bbox 990 1204 1153 1235; x_wconf 91' lang='lat' dir='ltr'><strong>Matrone</strong></span> <span class='ocrx_word' id='word_1_196' title='bbox 1185 1203 1318 1235; x_wconf 90' lang='lat' dir='ltr'><strong>nobiles</strong></span> <span class='ocrx_word' id='word_1_197' title='bbox 1349 1210 1383 1235; x_wconf 91' lang='lat' dir='ltr'><strong>et</strong></span> <span class='ocrx_word' id='word_1_198' title='bbox 1414 1203 1562 1235; x_wconf 88' lang='lat' dir='ltr'><strong>delicate</strong></span> <span class='ocrx_word' id='word_1_199' title='bbox 1594 1209 1629 1235; x_wconf 90' lang='lat' dir='ltr'><strong>et</strong></span> <span class='ocrx_word' id='word_1_200' title='bbox 1651 1204 1800 1246; x_wconf 84' lang='lat' dir='ltr'><strong>virgines</strong></span> <span class='ocrx_word' id='word_1_201' title='bbox 1829 1203 1989 1245; x_wconf 85' lang='lat' dir='ltr'><strong>spetiose,</strong></span> 
     </span>
     <span class='ocr_line' id='line_1_24' title="bbox 140 1256 1989 1300; baseline -0.001 -12"><span class='ocrx_word' id='word_1_202' title='bbox 140 1258 241 1296; x_wconf 81' lang='lat' dir='ltr'><strong>fame,</strong></span> <span class='ocrx_word' id='word_1_203' title='bbox 266 1264 373 1300; x_wconf 90' lang='lat' dir='ltr'><strong>peste,</strong></span> <span class='ocrx_word' id='word_1_204' title='bbox 398 1257 530 1289; x_wconf 90' lang='lat' dir='ltr'><strong>ieiuniis</strong></span> <span class='ocrx_word' id='word_1_205' title='bbox 555 1263 589 1289; x_wconf 89' lang='lat' dir='ltr'><strong>et</strong></span> <span class='ocrx_word' id='word_1_206' title='bbox 613 1257 854 1289; x_wconf 88' lang='lat' dir='ltr'><strong>afflictionibus</strong></span> <span class='ocrx_word' id='word_1_207' title='bbox 878 1257 1038 1289; x_wconf 88' lang='lat' dir='ltr'><strong>inauditis</strong></span> <span class='ocrx_word' id='word_1_208' title='bbox 1060 1257 1096 1288; x_wconf 90' lang='lat' dir='ltr'><strong>in</strong></span> <span class='ocrx_word' id='word_1_209' title='bbox 1120 1257 1284 1299; x_wconf 86' lang='lat' dir='ltr'><strong>custodjis</strong></span> <span class='ocrx_word' id='word_1_210' title='bbox 1315 1256 1548 1289; x_wconf 88' lang='lat' dir='ltr'><strong>tabescebant.</strong></span> <span class='ocrx_word' id='word_1_211' title='bbox 1594 1257 1734 1289; x_wconf 85' lang='lat' dir='ltr'><strong>Cotidie</strong></span> <span class='ocrx_word' id='word_1_212' title='bbox 1766 1257 1909 1288; x_wconf 89' lang='lat' dir='ltr'><strong>diversis</strong></span> <span class='ocrx_word' id='word_1_213' title='bbox 1932 1266 1989 1298; x_wconf 85' lang='lat' dir='ltr'><strong>ge-</strong></span> 
     </span>
     <span class='ocr_line' id='line_1_25' title="bbox 141 1309 1991 1352; baseline -0.002 -10"><span class='ocrx_word' id='word_1_214' title='bbox 141 1310 280 1343; x_wconf 90' lang='lat' dir='ltr'><strong>neribus</strong></span> <span class='ocrx_word' id='word_1_215' title='bbox 296 1316 544 1342; x_wconf 87' lang='lat' dir='ltr'><strong>tormentorum</strong></span> <span class='ocrx_word' id='word_1_216' title='bbox 561 1310 803 1342; x_wconf 78' lang='lat' dir='ltr'><strong>indifferenter</strong></span> <span class='ocrx_word' id='word_1_217' title='bbox 818 1316 886 1341; x_wconf 89' lang='lat' dir='ltr'><strong>tam</strong></span> <span class='ocrx_word' id='word_1_218' title='bbox 902 1309 1048 1352; x_wconf 85' lang='lat' dir='ltr'><strong>majores</strong></span> <span class='ocrx_word' id='word_1_219' title='bbox 1065 1320 1166 1352; x_wconf 89' lang='lat' dir='ltr'><strong>quam</strong></span> <span class='ocrx_word' id='word_1_220' title='bbox 1183 1310 1332 1341; x_wconf 87' lang='lat' dir='ltr'><strong>minores</strong></span> <span class='ocrx_word' id='word_1_221' title='bbox 1347 1321 1367 1341; x_wconf 93' lang='lat' dir='ltr'><strong>a</strong></span> <span class='ocrx_word' id='word_1_222' title='bbox 1384 1309 1601 1342; x_wconf 89' lang='lat' dir='ltr'><strong>carnificibus</strong></span> <span class='ocrx_word' id='word_1_223' title='bbox 1617 1309 1837 1342; x_wconf 89' lang='lat' dir='ltr'><strong>necabantur.</strong></span> <span class='ocrx_word' id='word_1_224' title='bbox 1874 1309 1991 1342; x_wconf 87' lang='lat' dir='ltr'><strong>Voces</strong></span> 
     </span>
     <span class='ocr_line' id='line_1_26' title="bbox 141 1362 1991 1405; baseline -0.002 -9"><span class='ocrx_word' id='word_1_225' title='bbox 141 1363 314 1396; x_wconf 86' lang='lat' dir='ltr'><strong>terribiles</strong></span> <span class='ocrx_word' id='word_1_226' title='bbox 337 1364 557 1396; x_wconf 88' lang='lat' dir='ltr'><strong>clamantium</strong></span> <span class='ocrx_word' id='word_1_227' title='bbox 581 1363 617 1395; x_wconf 91' lang='lat' dir='ltr'><strong>in</strong></span> <span class='ocrx_word' id='word_1_228' title='bbox 639 1363 821 1396; x_wconf 88' lang='lat' dir='ltr'><strong>tormentis</strong></span> <span class='ocrx_word' id='word_1_229' title='bbox 844 1363 901 1395; x_wconf 88' lang='lat' dir='ltr'><strong>die</strong></span> <span class='ocrx_word' id='word_1_230' title='bbox 933 1369 1105 1405; x_wconf 90' lang='lat' dir='ltr'><strong>noctuque</strong></span> <span class='ocrx_word' id='word_1_231' title='bbox 1137 1363 1364 1395; x_wconf 89' lang='lat' dir='ltr'><strong>audiebantur</strong></span> <span class='ocrx_word' id='word_1_232' title='bbox 1397 1364 1439 1394; x_wconf 90' lang='lat' dir='ltr'><strong>de</strong></span> <span class='ocrx_word' id='word_1_233' title='bbox 1465 1363 1539 1395; x_wconf 89' lang='lat' dir='ltr'><strong>altis</strong></span> <span class='ocrx_word' id='word_1_234' title='bbox 1561 1363 1710 1405; x_wconf 89' lang='lat' dir='ltr'><strong>palatiis,</strong></span> <span class='ocrx_word' id='word_1_235' title='bbox 1738 1374 1802 1405; x_wconf 88' lang='lat' dir='ltr'><strong>que</strong></span> <span class='ocrx_word' id='word_1_236' title='bbox 1835 1362 1991 1395; x_wconf 89' lang='lat' dir='ltr'><strong>dolorem</strong></span> 
     </span>
     <span class='ocr_line' id='line_1_27' title="bbox 141 1415 1990 1458; baseline -0.002 -9"><span class='ocrx_word' id='word_1_237' title='bbox 141 1423 175 1449; x_wconf 85' lang='lat' dir='ltr'><strong>et</strong></span> <span class='ocrx_word' id='word_1_238' title='bbox 197 1424 383 1450; x_wconf 90' lang='lat' dir='ltr'><strong>tremorem</strong></span> <span class='ocrx_word' id='word_1_239' title='bbox 407 1418 588 1449; x_wconf 83' lang='lat' dir='ltr'><strong>maximum</strong></span> <span class='ocrx_word' id='word_1_240' title='bbox 612 1416 806 1449; x_wconf 91' lang='lat' dir='ltr'><strong>hominibus</strong></span> <span class='ocrx_word' id='word_1_241' title='bbox 828 1416 1049 1448; x_wconf 85' lang='lat' dir='ltr'><strong>inducebant.</strong></span> <span class='ocrx_word' id='word_1_242' title='bbox 1074 1416 1198 1448; x_wconf 91' lang='lat' dir='ltr'><strong>Nullus</strong></span> <span class='ocrx_word' id='word_1_243' title='bbox 1214 1416 1352 1458; x_wconf 89' lang='lat' dir='ltr'><strong>publice</strong></span> <span class='ocrx_word' id='word_1_244' title='bbox 1370 1416 1518 1448; x_wconf 89' lang='lat' dir='ltr'><strong>audebat</strong></span> <span class='ocrx_word' id='word_1_245' title='bbox 1533 1417 1669 1458; x_wconf 91' lang='lat' dir='ltr'><strong>plorare</strong></span> <span class='ocrx_word' id='word_1_246' title='bbox 1687 1427 1789 1458; x_wconf 90' lang='lat' dir='ltr'><strong>super</strong></span> <span class='ocrx_word' id='word_1_247' title='bbox 1805 1416 1870 1447; x_wconf 91' lang='lat' dir='ltr'><strong>hiis</strong></span> <span class='ocrx_word' id='word_1_248' title='bbox 1885 1415 1990 1447; x_wconf 89' lang='lat' dir='ltr'><strong>malis.</strong></span> 
     </span>
     <span class='ocr_line' id='line_1_28' title="bbox 142 1469 1993 1513; baseline -0.002 -10"><span class='ocrx_word' id='word_1_249' title='bbox 142 1471 202 1503; x_wconf 87' lang='lat' dir='ltr'><strong>Set</strong></span> <span class='ocrx_word' id='word_1_250' title='bbox 225 1470 371 1513; x_wconf 91' lang='lat' dir='ltr'><strong>quilibet</strong></span> <span class='ocrx_word' id='word_1_251' title='bbox 393 1471 497 1502; x_wconf 91' lang='lat' dir='ltr'><strong>vitam</strong></span> <span class='ocrx_word' id='word_1_252' title='bbox 522 1476 556 1503; x_wconf 88' lang='lat' dir='ltr'><strong>et</strong></span> <span class='ocrx_word' id='word_1_253' title='bbox 579 1470 769 1509; x_wconf 91' lang='lat' dir='ltr'><strong>victoriam,</strong></span> <span class='ocrx_word' id='word_1_254' title='bbox 794 1470 856 1502; x_wconf 88' lang='lat' dir='ltr'><strong>etsi</strong></span> <span class='ocrx_word' id='word_1_255' title='bbox 879 1480 949 1502; x_wconf 91' lang='lat' dir='ltr'><strong>non</strong></span> <span class='ocrx_word' id='word_1_256' title='bbox 974 1469 1089 1509; x_wconf 91' lang='lat' dir='ltr'><strong>corde,</strong></span> <span class='ocrx_word' id='word_1_257' title='bbox 1107 1470 1225 1502; x_wconf 88' lang='lat' dir='ltr'><strong>saltem</strong></span> <span class='ocrx_word' id='word_1_258' title='bbox 1248 1469 1362 1502; x_wconf 91' lang='lat' dir='ltr'><strong>verbis</strong></span> <span class='ocrx_word' id='word_1_259' title='bbox 1385 1470 1594 1509; x_wconf 82' lang='lat' dir='ltr'><strong>affectuosis,</strong></span> <span class='ocrx_word' id='word_1_260' title='bbox 1612 1470 1769 1502; x_wconf 90' lang='lat' dir='ltr'><strong>Ecellino</strong></span> <span class='ocrx_word' id='word_1_261' title='bbox 1786 1469 1993 1511; x_wconf 88' lang='lat' dir='ltr'><strong>nequissimo</strong></span> 
     </span>
     <span class='ocr_line' id='line_1_29' title="bbox 142 1522 1991 1566; baseline -0.001 -11"><span class='ocrx_word' id='word_1_262' title='bbox 142 1523 292 1562; x_wconf 87' lang='lat' dir='ltr'><strong>domino,</strong></span> <span class='ocrx_word' id='word_1_263' title='bbox 317 1523 545 1555; x_wconf 84' lang='lat' dir='ltr'><strong>affectabant:</strong></span> <span class='ocrx_word' id='word_1_264' title='bbox 571 1523 666 1554; x_wconf 90' lang='lat' dir='ltr'><strong>illum</strong></span> <span class='ocrx_word' id='word_1_265' title='bbox 689 1523 827 1566; x_wconf 86' lang='lat' dir='ltr'><strong>justum,</strong></span> <span class='ocrx_word' id='word_1_266' title='bbox 859 1522 953 1554; x_wconf 89' lang='lat' dir='ltr'><strong>illum</strong></span> <span class='ocrx_word' id='word_1_267' title='bbox 985 1523 1122 1560; x_wconf 90' lang='lat' dir='ltr'><strong>bonum,</strong></span> <span class='ocrx_word' id='word_1_268' title='bbox 1154 1522 1250 1554; x_wconf 90' lang='lat' dir='ltr'><strong>illum</strong></span> <span class='ocrx_word' id='word_1_269' title='bbox 1275 1522 1464 1564; x_wconf 87' lang='lat' dir='ltr'><strong>sapientem</strong></span> <span class='ocrx_word' id='word_1_270' title='bbox 1493 1529 1526 1554; x_wconf 93' lang='lat' dir='ltr'><strong>et</strong></span> <span class='ocrx_word' id='word_1_271' title='bbox 1558 1528 1745 1554; x_wconf 86' lang='lat' dir='ltr'><strong>amatorem</strong></span> <span class='ocrx_word' id='word_1_272' title='bbox 1769 1528 1873 1554; x_wconf 87' lang='lat' dir='ltr'><strong>status</strong></span> <span class='ocrx_word' id='word_1_273' title='bbox 1896 1522 1991 1554; x_wconf 86' lang='lat' dir='ltr'><strong>Mar-</strong></span> 
     </span>
     <span class='ocr_line' id='line_1_30' title="bbox 141 1575 1991 1619; baseline -0.001 -12"><span class='ocrx_word' id='word_1_274' title='bbox 141 1577 217 1608; x_wconf 90' lang='lat' dir='ltr'><strong>chie</strong></span> <span class='ocrx_word' id='word_1_275' title='bbox 243 1584 361 1609; x_wconf 85' lang='lat' dir='ltr'><strong>omnes</strong></span> <span class='ocrx_word' id='word_1_276' title='bbox 384 1576 575 1608; x_wconf 91' lang='lat' dir='ltr'><strong>adulatorie</strong></span> <span class='ocrx_word' id='word_1_277' title='bbox 601 1575 874 1608; x_wconf 87' lang='lat' dir='ltr'><strong>conclamabant.</strong></span> <span class='ocrx_word' id='word_1_278' title='bbox 920 1576 996 1607; x_wconf 93' lang='lat' dir='ltr'><strong>Nec</strong></span> <span class='ocrx_word' id='word_1_279' title='bbox 1021 1582 1133 1607; x_wconf 90' lang='lat' dir='ltr'><strong>tamen</strong></span> <span class='ocrx_word' id='word_1_280' title='bbox 1157 1575 1222 1607; x_wconf 89' lang='lat' dir='ltr'><strong>ista</strong></span> <span class='ocrx_word' id='word_1_281' title='bbox 1244 1576 1402 1608; x_wconf 87' lang='lat' dir='ltr'><strong>dicentes</strong></span> <span class='ocrx_word' id='word_1_282' title='bbox 1426 1576 1641 1608; x_wconf 86' lang='lat' dir='ltr'><strong>ferocitatem</strong></span> <span class='ocrx_word' id='word_1_283' title='bbox 1666 1575 1769 1607; x_wconf 90' lang='lat' dir='ltr'><strong>animi</strong></span> <span class='ocrx_word' id='word_1_284' title='bbox 1794 1577 1868 1619; x_wconf 82' lang='lat' dir='ltr'><strong>ejus</strong></span> <span class='ocrx_word' id='word_1_285' title='bbox 1894 1580 1991 1617; x_wconf 88' lang='lat' dir='ltr'><strong>pote-</strong></span> 
     </span>
     <span class='ocr_line' id='line_1_31' title="bbox 139 1628 1992 1673; baseline -0.001 -12"><span class='ocrx_word' id='word_1_286' title='bbox 139 1636 216 1661; x_wconf 91' lang='lat' dir='ltr'><strong>rant</strong></span> <span class='ocrx_word' id='word_1_287' title='bbox 247 1630 403 1673; x_wconf 85' lang='lat' dir='ltr'><strong>mitigare</strong></span> <span class='ocrx_word' id='word_1_288' title='bbox 413 1642 422 1667; x_wconf 82' lang='lat'><em>3</em></span> <span class='ocrx_word' id='word_1_289' title='bbox 451 1636 502 1661; x_wconf 90' lang='lat' dir='ltr'><strong>set</strong></span> <span class='ocrx_word' id='word_1_290' title='bbox 533 1635 605 1662; x_wconf 89' lang='lat' dir='ltr'><strong>erat</strong></span> <span class='ocrx_word' id='word_1_291' title='bbox 638 1630 669 1661; x_wconf 89' lang='lat' dir='ltr'><strong>ei</strong></span> <span class='ocrx_word' id='word_1_292' title='bbox 700 1629 787 1660; x_wconf 90' lang='lat' dir='ltr'><strong>sicut</strong></span> <span class='ocrx_word' id='word_1_293' title='bbox 818 1629 976 1671; x_wconf 91' lang='lat' dir='ltr'><strong>populus,</strong></span> <span class='ocrx_word' id='word_1_294' title='bbox 1007 1629 1094 1660; x_wconf 90' lang='lat' dir='ltr'><strong>sicut</strong></span> <span class='ocrx_word' id='word_1_295' title='bbox 1124 1629 1296 1666; x_wconf 91' lang='lat' dir='ltr'><strong>sacerdos,</strong></span> <span class='ocrx_word' id='word_1_296' title='bbox 1328 1629 1416 1660; x_wconf 90' lang='lat' dir='ltr'><strong>sicut</strong></span> <span class='ocrx_word' id='word_1_297' title='bbox 1448 1629 1576 1672; x_wconf 84' lang='lat' dir='ltr'><strong>laycus,</strong></span> <span class='ocrx_word' id='word_1_298' title='bbox 1609 1630 1655 1661; x_wconf 90' lang='lat' dir='ltr'><strong>ita</strong></span> <span class='ocrx_word' id='word_1_299' title='bbox 1685 1629 1873 1672; x_wconf 86' lang='lat' dir='ltr'><strong>religiosus,</strong></span> <span class='ocrx_word' id='word_1_300' title='bbox 1904 1628 1992 1660; x_wconf 88' lang='lat' dir='ltr'><strong>sicut</strong></span> 
     </span>
     <span class='ocr_line' id='line_1_32' title="bbox 141 1681 1992 1724; baseline -0.001 -10"><span class='ocrx_word' id='word_1_301' title='bbox 141 1693 246 1715; x_wconf 85' lang='lat' dir='ltr'><strong>senex</strong></span> <span class='ocrx_word' id='word_1_302' title='bbox 262 1682 442 1721; x_wconf 89' lang='lat' dir='ltr'><strong>imbecilis,</strong></span> <span class='ocrx_word' id='word_1_303' title='bbox 459 1683 508 1715; x_wconf 89' lang='lat' dir='ltr'><strong>ita</strong></span> <span class='ocrx_word' id='word_1_304' title='bbox 524 1693 610 1724; x_wconf 89' lang='lat' dir='ltr'><strong>puer</strong></span> <span class='ocrx_word' id='word_1_305' title='bbox 627 1681 739 1714; x_wconf 88' lang='lat' dir='ltr'><strong>adhuc</strong></span> <span class='ocrx_word' id='word_1_306' title='bbox 757 1682 988 1714; x_wconf 86' lang='lat' dir='ltr'><strong>balbuciando</strong></span> <span class='ocrx_word' id='word_1_307' title='bbox 1006 1682 1040 1713; x_wconf 88' lang='lat' dir='ltr'><strong>in</strong></span> <span class='ocrx_word' id='word_1_308' title='bbox 1057 1682 1163 1714; x_wconf 89' lang='lat' dir='ltr'><strong>verba</strong></span> <span class='ocrx_word' id='word_1_309' title='bbox 1186 1692 1423 1724; x_wconf 84' lang='lat' dir='ltr'><strong>prorumpens.</strong></span> <span class='ocrx_word' id='word_1_310' title='bbox 1469 1682 1566 1714; x_wconf 91' lang='lat' dir='ltr'><strong>Nulli</strong></span> <span class='ocrx_word' id='word_1_311' title='bbox 1591 1682 1681 1720; x_wconf 90' lang='lat' dir='ltr'><strong>etati,</strong></span> <span class='ocrx_word' id='word_1_312' title='bbox 1706 1682 1789 1713; x_wconf 89' lang='lat' dir='ltr'><strong>nulli</strong></span> <span class='ocrx_word' id='word_1_313' title='bbox 1810 1682 1992 1719; x_wconf 87' lang='lat' dir='ltr'><strong>sanctitati,</strong></span> 
     </span>
     <span class='ocr_line' id='line_1_33' title="bbox 141 1733 1990 1777; baseline -0.001 -11"><span class='ocrx_word' id='word_1_314' title='bbox 141 1735 225 1766; x_wconf 91' lang='lat' dir='ltr'><strong>nulli</strong></span> <span class='ocrx_word' id='word_1_315' title='bbox 246 1735 409 1777; x_wconf 86' lang='lat' dir='ltr'><strong>probitati</strong></span> <span class='ocrx_word' id='word_1_316' title='bbox 433 1735 612 1777; x_wconf 88' lang='lat' dir='ltr'><strong>parcebat.</strong></span> <span class='ocrx_word' id='word_1_317' title='bbox 659 1734 801 1776; x_wconf 89' lang='lat' dir='ltr'><strong>Semper</strong></span> <span class='ocrx_word' id='word_1_318' title='bbox 825 1733 947 1766; x_wconf 87' lang='lat' dir='ltr'><strong>eodem</strong></span> <span class='ocrx_word' id='word_1_319' title='bbox 972 1734 1076 1772; x_wconf 85' lang='lat' dir='ltr'><strong>vultu,</strong></span> <span class='ocrx_word' id='word_1_320' title='bbox 1103 1734 1226 1766; x_wconf 89' lang='lat' dir='ltr'><strong>eodem</strong></span> <span class='ocrx_word' id='word_1_321' title='bbox 1249 1733 1362 1773; x_wconf 90' lang='lat' dir='ltr'><strong>modo,</strong></span> <span class='ocrx_word' id='word_1_322' title='bbox 1396 1735 1517 1766; x_wconf 89' lang='lat' dir='ltr'><strong>eadem</strong></span> <span class='ocrx_word' id='word_1_323' title='bbox 1546 1734 1708 1766; x_wconf 89' lang='lat' dir='ltr'><strong>instantia</strong></span> <span class='ocrx_word' id='word_1_324' title='bbox 1734 1734 1837 1767; x_wconf 87' lang='lat' dir='ltr'><strong>nimie</strong></span> <span class='ocrx_word' id='word_1_325' title='bbox 1870 1734 1990 1766; x_wconf 91' lang='lat' dir='ltr'><strong>crude-</strong></span> 
     </span>
     <span class='ocr_line' id='line_1_34' title="bbox 140 1787 1990 1830; baseline -0.001 -11"><span class='ocrx_word' id='word_1_326' title='bbox 140 1788 241 1820; x_wconf 88' lang='lat' dir='ltr'><strong>litatis</strong></span> <span class='ocrx_word' id='word_1_327' title='bbox 266 1798 374 1830; x_wconf 88' lang='lat' dir='ltr'><strong>opera</strong></span> <span class='ocrx_word' id='word_1_328' title='bbox 404 1787 638 1830; x_wconf 89' lang='lat' dir='ltr'><strong>perpetrabat,</strong></span> <span class='ocrx_word' id='word_1_329' title='bbox 664 1794 698 1819; x_wconf 90' lang='lat' dir='ltr'><strong>et</strong></span> <span class='ocrx_word' id='word_1_330' title='bbox 729 1787 825 1830; x_wconf 88' lang='lat' dir='ltr'><strong>quasi</strong></span> <span class='ocrx_word' id='word_1_331' title='bbox 856 1798 992 1829; x_wconf 89' lang='lat' dir='ltr'><strong>semper</strong></span> <span class='ocrx_word' id='word_1_332' title='bbox 1014 1799 1034 1819; x_wconf 92' lang='lat' dir='ltr'><strong>a</strong></span> <span class='ocrx_word' id='word_1_333' title='bbox 1063 1787 1175 1828; x_wconf 90' lang='lat' dir='ltr'><strong>capite</strong></span> <span class='ocrx_word' id='word_1_334' title='bbox 1199 1787 1379 1829; x_wconf 89' lang='lat' dir='ltr'><strong>incipiens,</strong></span> <span class='ocrx_word' id='word_1_335' title='bbox 1406 1787 1534 1820; x_wconf 91' lang='lat' dir='ltr'><strong>cotidie</strong></span> <span class='ocrx_word' id='word_1_336' title='bbox 1559 1788 1630 1819; x_wconf 90' lang='lat' dir='ltr'><strong>sine</strong></span> <span class='ocrx_word' id='word_1_337' title='bbox 1656 1787 1784 1825; x_wconf 91' lang='lat' dir='ltr'><strong>labore,</strong></span> <span class='ocrx_word' id='word_1_338' title='bbox 1808 1788 1881 1819; x_wconf 91' lang='lat' dir='ltr'><strong>sine</strong></span> <span class='ocrx_word' id='word_1_339' title='bbox 1907 1797 1990 1819; x_wconf 88' lang='lat' dir='ltr'><strong>con-</strong></span> 
     </span>
     <span class='ocr_line' id='line_1_35' title="bbox 142 1839 1994 1884; baseline 0 -12"><span class='ocrx_word' id='word_1_340' title='bbox 142 1841 284 1872; x_wconf 90' lang='lat' dir='ltr'><strong>scientie</strong></span> <span class='ocrx_word' id='word_1_341' title='bbox 307 1841 530 1879; x_wconf 86' lang='lat' dir='ltr'><strong>remorsione,</strong></span> <span class='ocrx_word' id='word_1_342' title='bbox 559 1851 683 1884; x_wconf 86' lang='lat' dir='ltr'><strong>magna</strong></span> <span class='ocrx_word' id='word_1_343' title='bbox 714 1846 883 1872; x_wconf 87' lang='lat' dir='ltr'><strong>tormenta</strong></span> <span class='ocrx_word' id='word_1_344' title='bbox 914 1846 948 1872; x_wconf 88' lang='lat' dir='ltr'><strong>et</strong></span> <span class='ocrx_word' id='word_1_345' title='bbox 978 1840 1211 1882; x_wconf 85' lang='lat' dir='ltr'><strong>inexcogitata</strong></span> <span class='ocrx_word' id='word_1_346' title='bbox 1243 1840 1444 1882; x_wconf 89' lang='lat' dir='ltr'><strong>corporibus</strong></span> <span class='ocrx_word' id='word_1_347' title='bbox 1475 1840 1649 1872; x_wconf 90' lang='lat' dir='ltr'><strong>hominum</strong></span> <span class='ocrx_word' id='word_1_348' title='bbox 1682 1839 1867 1882; x_wconf 84' lang='lat' dir='ltr'><strong>infligebat.</strong></span> <span class='ocrx_word' id='word_1_349' title='bbox 1915 1840 1994 1872; x_wconf 89' lang='lat' dir='ltr'><strong>Non</strong></span> 
     </span>
     <span class='ocr_line' id='line_1_36' title="bbox 143 1893 1994 1937; baseline -0.001 -12"><span class='ocrx_word' id='word_1_350' title='bbox 143 1894 306 1927; x_wconf 88' lang='lat' dir='ltr'><strong>remansit</strong></span> <span class='ocrx_word' id='word_1_351' title='bbox 329 1894 363 1925; x_wconf 89' lang='lat' dir='ltr'><strong>in</strong></span> <span class='ocrx_word' id='word_1_352' title='bbox 387 1900 457 1926; x_wconf 88' lang='lat' dir='ltr'><strong>tota</strong></span> <span class='ocrx_word' id='word_1_353' title='bbox 479 1894 639 1926; x_wconf 88' lang='lat' dir='ltr'><strong>Marchia</strong></span> <span class='ocrx_word' id='word_1_354' title='bbox 660 1894 844 1937; x_wconf 84' lang='lat' dir='ltr'><strong>progenies</strong></span> <span class='ocrx_word' id='word_1_355' title='bbox 868 1894 984 1936; x_wconf 91' lang='lat' dir='ltr'><strong>aliqua</strong></span> <span class='ocrx_word' id='word_1_356' title='bbox 1007 1903 1185 1936; x_wconf 83' lang='lat' dir='ltr'><strong>generosa,</strong></span> <span class='ocrx_word' id='word_1_357' title='bbox 1210 1893 1264 1926; x_wconf 91' lang='lat' dir='ltr'><strong>vel</strong></span> <span class='ocrx_word' id='word_1_358' title='bbox 1290 1893 1391 1925; x_wconf 89' lang='lat' dir='ltr'><strong>etiam</strong></span> <span class='ocrx_word' id='word_1_359' title='bbox 1414 1894 1602 1935; x_wconf 90' lang='lat' dir='ltr'><strong>popularis,</strong></span> <span class='ocrx_word' id='word_1_360' title='bbox 1628 1903 1694 1936; x_wconf 90' lang='lat' dir='ltr'><strong>que</strong></span> <span class='ocrx_word' id='word_1_361' title='bbox 1720 1894 1762 1925; x_wconf 91' lang='lat' dir='ltr'><strong>ab</strong></span> <span class='ocrx_word' id='word_1_362' title='bbox 1779 1894 1854 1935; x_wconf 91' lang='lat' dir='ltr'><strong>ipso</strong></span> <span class='ocrx_word' id='word_1_363' title='bbox 1878 1894 1934 1925; x_wconf 89' lang='lat' dir='ltr'><strong>vel</strong></span> <span class='ocrx_word' id='word_1_364' title='bbox 1951 1904 1994 1924; x_wconf 83' lang='lat' dir='ltr'><strong>ex</strong></span> 
     </span>
     <span class='ocr_line' id='line_1_37' title="bbox 143 1946 1991 1989; baseline -0.001 -10"><span class='ocrx_word' id='word_1_365' title='bbox 143 1946 237 1986; x_wconf 87' lang='lat' dir='ltr'><strong>&#39;toto,</strong></span> <span class='ocrx_word' id='word_1_366' title='bbox 261 1947 317 1979; x_wconf 90' lang='lat' dir='ltr'><strong>vel</strong></span> <span class='ocrx_word' id='word_1_367' title='bbox 341 1958 384 1980; x_wconf 86' lang='lat' dir='ltr'><strong>ex</strong></span> <span class='ocrx_word' id='word_1_368' title='bbox 406 1953 505 1989; x_wconf 89' lang='lat' dir='ltr'><strong>parte</strong></span> <span class='ocrx_word' id='word_1_369' title='bbox 529 1947 676 1979; x_wconf 82' lang='lat' dir='ltr'><strong>maxima</strong></span> <span class='ocrx_word' id='word_1_370' title='bbox 707 1956 777 1978; x_wconf 91' lang='lat' dir='ltr'><strong>non</strong></span> <span class='ocrx_word' id='word_1_371' title='bbox 808 1947 850 1978; x_wconf 88' lang='lat' dir='ltr'><strong>sit</strong></span> <span class='ocrx_word' id='word_1_372' title='bbox 882 1947 1068 1978; x_wconf 90' lang='lat' dir='ltr'><strong>crudeliter</strong></span> <span class='ocrx_word' id='word_1_373' title='bbox 1100 1947 1261 1978; x_wconf 86' lang='lat' dir='ltr'><strong>lacerata.</strong></span> <span class='ocrx_word' id='word_1_374' title='bbox 1307 1946 1439 1978; x_wconf 88' lang='lat' dir='ltr'><strong>Milites</strong></span> <span class='ocrx_word' id='word_1_375' title='bbox 1455 1947 1530 1978; x_wconf 87' lang='lat' dir='ltr'><strong>fere</strong></span> <span class='ocrx_word' id='word_1_376' title='bbox 1562 1956 1680 1978; x_wconf 89' lang='lat' dir='ltr'><strong>omnes</strong></span> <span class='ocrx_word' id='word_1_377' title='bbox 1703 1952 1780 1978; x_wconf 91' lang='lat' dir='ltr'><strong>sunt</strong></span> <span class='ocrx_word' id='word_1_378' title='bbox 1804 1946 1932 1989; x_wconf 85' lang='lat' dir='ltr'><strong>gladio,</strong></span> <span class='ocrx_word' id='word_1_379' title='bbox 1957 1952 1991 1978; x_wconf 91' lang='lat' dir='ltr'><strong>et</strong></span> 
     </span>
     <span class='ocr_line' id='line_1_38' title="bbox 144 1999 1993 2043; baseline -0.001 -11"><span class='ocrx_word' id='word_1_380' title='bbox 144 2000 218 2032; x_wconf 86' lang='lat' dir='ltr'><strong>aliis</strong></span> <span class='ocrx_word' id='word_1_381' title='bbox 241 2000 419 2042; x_wconf 87' lang='lat' dir='ltr'><strong>suppliciis</strong></span> <span class='ocrx_word' id='word_1_382' title='bbox 442 2000 630 2032; x_wconf 74' lang='lat' dir='ltr'><strong>interfecti.</strong></span> <span class='ocrx_word' id='word_1_383' title='bbox 678 2000 829 2032; x_wconf 86' lang='lat' dir='ltr'><strong>Studiosi</strong></span> <span class='ocrx_word' id='word_1_384' title='bbox 854 2005 1073 2038; x_wconf 85' lang='lat' dir='ltr'><strong>mercatores,</strong></span> <span class='ocrx_word' id='word_1_385' title='bbox 1090 2000 1225 2043; x_wconf 84' lang='lat' dir='ltr'><strong>judices</strong></span> <span class='ocrx_word' id='word_1_386' title='bbox 1247 1999 1430 2041; x_wconf 88' lang='lat' dir='ltr'><strong>sapientes,</strong></span> <span class='ocrx_word' id='word_1_387' title='bbox 1454 2000 1579 2042; x_wconf 89' lang='lat' dir='ltr'><strong>prelati</strong></span> <span class='ocrx_word' id='word_1_388' title='bbox 1610 1999 1804 2037; x_wconf 89' lang='lat' dir='ltr'><strong>reverendi,</strong></span> <span class='ocrx_word' id='word_1_389' title='bbox 1830 2000 1993 2031; x_wconf 89' lang='lat' dir='ltr'><strong>claustra-</strong></span> 
     </span>
     <span class='ocr_line' id='line_1_39' title="bbox 143 2052 1994 2095; baseline 0 -12"><span class='ocrx_word' id='word_1_390' title='bbox 143 2053 193 2085; x_wconf 88' lang='lat' dir='ltr'><strong>les</strong></span> <span class='ocrx_word' id='word_1_391' title='bbox 217 2053 344 2092; x_wconf 89' lang='lat' dir='ltr'><strong>devoti,</strong></span> <span class='ocrx_word' id='word_1_392' title='bbox 369 2054 531 2086; x_wconf 91' lang='lat' dir='ltr'><strong>canonici</strong></span> <span class='ocrx_word' id='word_1_393' title='bbox 562 2053 732 2092; x_wconf 89' lang='lat' dir='ltr'><strong>honorati,</strong></span> <span class='ocrx_word' id='word_1_394' title='bbox 757 2053 900 2095; x_wconf 90' lang='lat' dir='ltr'><strong>spetiosi</strong></span> <span class='ocrx_word' id='word_1_395' title='bbox 932 2053 1073 2085; x_wconf 87' lang='lat' dir='ltr'><strong>iuvenes</strong></span> <span class='ocrx_word' id='word_1_396' title='bbox 1106 2058 1140 2084; x_wconf 90' lang='lat' dir='ltr'><strong>et</strong></span> <span class='ocrx_word' id='word_1_397' title='bbox 1171 2052 1300 2084; x_wconf 89' lang='lat' dir='ltr'><strong>strenui</strong></span> <span class='ocrx_word' id='word_1_398' title='bbox 1331 2052 1500 2085; x_wconf 90' lang='lat' dir='ltr'><strong>radicitus</strong></span> <span class='ocrx_word' id='word_1_399' title='bbox 1535 2059 1614 2085; x_wconf 90' lang='lat' dir='ltr'><strong>sunt</strong></span> <span class='ocrx_word' id='word_1_400' title='bbox 1649 2053 1765 2092; x_wconf 87' lang='lat' dir='ltr'><strong>deleti,</strong></span> <span class='ocrx_word' id='word_1_401' title='bbox 1794 2052 1994 2085; x_wconf 86' lang='lat' dir='ltr'><strong>substantiis</strong></span> 
     </span>
     <span class='ocr_line' id='line_1_40' title="bbox 144 2105 1996 2149; baseline -0.001 -11"><span class='ocrx_word' id='word_1_402' title='bbox 144 2116 261 2139; x_wconf 89' lang='lat' dir='ltr'><strong>eorum</strong></span> <span class='ocrx_word' id='word_1_403' title='bbox 285 2106 406 2138; x_wconf 87' lang='lat' dir='ltr'><strong>ablatis</strong></span> <span class='ocrx_word' id='word_1_404' title='bbox 433 2112 467 2139; x_wconf 86' lang='lat' dir='ltr'><strong>et</strong></span> <span class='ocrx_word' id='word_1_405' title='bbox 498 2106 681 2149; x_wconf 90' lang='lat' dir='ltr'><strong>despositis</strong></span> <span class='ocrx_word' id='word_1_406' title='bbox 704 2105 893 2138; x_wconf 90' lang='lat' dir='ltr'><strong>secundum</strong></span> <span class='ocrx_word' id='word_1_407' title='bbox 919 2106 1113 2149; x_wconf 87' lang='lat' dir='ltr'><strong>tyranicam</strong></span> <span class='ocrx_word' id='word_1_408' title='bbox 1136 2106 1337 2138; x_wconf 90' lang='lat' dir='ltr'><strong>iubsionem.</strong></span> <span class='ocrx_word' id='word_1_409' title='bbox 1386 2105 1535 2147; x_wconf 86' lang='lat' dir='ltr'><strong>Serpens</strong></span> <span class='ocrx_word' id='word_1_410' title='bbox 1558 2105 1697 2147; x_wconf 91' lang='lat' dir='ltr'><strong>insuper</strong></span> <span class='ocrx_word' id='word_1_411' title='bbox 1721 2105 1853 2138; x_wconf 85' lang='lat' dir='ltr'><strong>calidus</strong></span> <span class='ocrx_word' id='word_1_412' title='bbox 1877 2112 1911 2137; x_wconf 90' lang='lat' dir='ltr'><strong>et</strong></span> <span class='ocrx_word' id='word_1_413' title='bbox 1936 2106 1996 2137; x_wconf 91' lang='lat' dir='ltr'><strong>ab-</strong></span> 
     </span>
     <span class='ocr_line' id='line_1_41' title="bbox 144 2158 1993 2202; baseline -0.001 -11"><span class='ocrx_word' id='word_1_414' title='bbox 144 2165 252 2191; x_wconf 90' lang='lat' dir='ltr'><strong>stutus</strong></span> <span class='ocrx_word' id='word_1_415' title='bbox 276 2170 394 2192; x_wconf 88' lang='lat' dir='ltr'><strong>omnes</strong></span> <span class='ocrx_word' id='word_1_416' title='bbox 417 2160 554 2202; x_wconf 90' lang='lat' dir='ltr'><strong>pulcras</strong></span> <span class='ocrx_word' id='word_1_417' title='bbox 585 2160 706 2192; x_wconf 91' lang='lat' dir='ltr'><strong>domos</strong></span> <span class='ocrx_word' id='word_1_418' title='bbox 734 2165 768 2191; x_wconf 92' lang='lat' dir='ltr'><strong>et</strong></span> <span class='ocrx_word' id='word_1_419' title='bbox 794 2159 903 2191; x_wconf 89' lang='lat' dir='ltr'><strong>fortes</strong></span> <span class='ocrx_word' id='word_1_420' title='bbox 934 2159 1027 2191; x_wconf 81' lang='lat' dir='ltr'><strong>iuxta</strong></span> <span class='ocrx_word' id='word_1_421' title='bbox 1056 2164 1174 2200; x_wconf 88' lang='lat' dir='ltr'><strong>portas</strong></span> <span class='ocrx_word' id='word_1_422' title='bbox 1206 2164 1241 2190; x_wconf 90' lang='lat' dir='ltr'><strong>et</strong></span> <span class='ocrx_word' id='word_1_423' title='bbox 1272 2164 1393 2200; x_wconf 90' lang='lat' dir='ltr'><strong>pontes</strong></span> <span class='ocrx_word' id='word_1_424' title='bbox 1424 2158 1459 2189; x_wconf 92' lang='lat' dir='ltr'><strong>in</strong></span> <span class='ocrx_word' id='word_1_425' title='bbox 1491 2159 1629 2191; x_wconf 88' lang='lat' dir='ltr'><strong>civitate</strong></span> <span class='ocrx_word' id='word_1_426' title='bbox 1662 2159 1848 2191; x_wconf 90' lang='lat' dir='ltr'><strong>constituta</strong></span> <span class='ocrx_word' id='word_1_427' title='bbox 1879 2168 1993 2190; x_wconf 89' lang='lat' dir='ltr'><strong>emere</strong></span> 
     </span>
     <span class='ocr_line' id='line_1_42' title="bbox 144 2211 1994 2255; baseline -0.001 -11"><span class='ocrx_word' id='word_1_428' title='bbox 144 2212 294 2245; x_wconf 86' lang='lat' dir='ltr'><strong>studiose</strong></span> <span class='ocrx_word' id='word_1_429' title='bbox 318 2213 538 2255; x_wconf 85' lang='lat' dir='ltr'><strong>procurabat,</strong></span> <span class='ocrx_word' id='word_1_430' title='bbox 563 2218 596 2244; x_wconf 91' lang='lat' dir='ltr'><strong>et</strong></span> <span class='ocrx_word' id='word_1_431' title='bbox 619 2218 697 2255; x_wconf 91' lang='lat' dir='ltr'><strong>post</strong></span> <span class='ocrx_word' id='word_1_432' title='bbox 720 2223 850 2254; x_wconf 89' lang='lat' dir='ltr'><strong>paucos</strong></span> <span class='ocrx_word' id='word_1_433' title='bbox 869 2213 941 2244; x_wconf 91' lang='lat' dir='ltr'><strong>dies</strong></span> <span class='ocrx_word' id='word_1_434' title='bbox 958 2212 1064 2243; x_wconf 89' lang='lat' dir='ltr'><strong>vitam</strong></span> <span class='ocrx_word' id='word_1_435' title='bbox 1081 2212 1180 2243; x_wconf 91' lang='lat' dir='ltr'><strong>simul</strong></span> <span class='ocrx_word' id='word_1_436' title='bbox 1205 2217 1239 2243; x_wconf 91' lang='lat' dir='ltr'><strong>et</strong></span> <span class='ocrx_word' id='word_1_437' title='bbox 1263 2212 1410 2253; x_wconf 88' lang='lat' dir='ltr'><strong>pretium</strong></span> <span class='ocrx_word' id='word_1_438' title='bbox 1426 2211 1665 2243; x_wconf 87' lang='lat' dir='ltr'><strong>venditoribus</strong></span> <span class='ocrx_word' id='word_1_439' title='bbox 1682 2211 1869 2244; x_wconf 89' lang='lat' dir='ltr'><strong>auferebat.</strong></span> <span class='ocrx_word' id='word_1_440' title='bbox 1917 2211 1994 2253; x_wconf 89' lang='lat' dir='ltr'><strong>Ipse</strong></span> 
     </span>
     <span class='ocr_line' id='line_1_43' title="bbox 144 2264 1995 2309; baseline -0.002 -11"><span class='ocrx_word' id='word_1_441' title='bbox 144 2266 236 2298; x_wconf 84' lang='lat' dir='ltr'><strong>bona</strong></span> <span class='ocrx_word' id='word_1_442' title='bbox 258 2267 526 2309; x_wconf 82' lang='lat' dir='ltr'><strong>episcopatuum,</strong></span> <span class='ocrx_word' id='word_1_443' title='bbox 551 2266 759 2305; x_wconf 86' lang='lat' dir='ltr'><strong>abaciamm,</strong></span> <span class='ocrx_word' id='word_1_444' title='bbox 786 2266 1028 2298; x_wconf 85' lang='lat' dir='ltr'><strong>canonicarum</strong></span> <span class='ocrx_word' id='word_1_445' title='bbox 1061 2271 1096 2297; x_wconf 86' lang='lat' dir='ltr'><strong>et</strong></span> <span class='ocrx_word' id='word_1_446' title='bbox 1126 2265 1202 2297; x_wconf 85' lang='lat' dir='ltr'><strong>fere</strong></span> <span class='ocrx_word' id='word_1_447' title='bbox 1231 2265 1381 2296; x_wconf 89' lang='lat' dir='ltr'><strong>omnium</strong></span> <span class='ocrx_word' id='word_1_448' title='bbox 1406 2265 1628 2296; x_wconf 90' lang='lat' dir='ltr'><strong>ecclesiarum</strong></span> <span class='ocrx_word' id='word_1_449' title='bbox 1653 2265 1690 2296; x_wconf 90' lang='lat' dir='ltr'><strong>in</strong></span> <span class='ocrx_word' id='word_1_450' title='bbox 1721 2265 1788 2296; x_wconf 78' lang='lat' dir='ltr'><strong>suis</strong></span> <span class='ocrx_word' id='word_1_451' title='bbox 1820 2264 1995 2297; x_wconf 89' lang='lat' dir='ltr'><strong>sceleratis</strong></span> 
     </span>
     <span class='ocr_line' id='line_1_44' title="bbox 145 2317 1995 2361; baseline -0.002 -10"><span class='ocrx_word' id='word_1_452' title='bbox 145 2319 306 2361; x_wconf 89' lang='lat' dir='ltr'><strong>operibus</strong></span> <span class='ocrx_word' id='word_1_453' title='bbox 330 2319 563 2351; x_wconf 86' lang='lat' dir='ltr'><strong>consumebat.</strong></span> <span class='ocrx_word' id='word_1_454' title='bbox 609 2319 649 2350; x_wconf 88' lang='lat' dir='ltr'><strong>In</strong></span> <span class='ocrx_word' id='word_1_455' title='bbox 674 2319 796 2351; x_wconf 91' lang='lat' dir='ltr'><strong>diebus</strong></span> <span class='ocrx_word' id='word_1_456' title='bbox 820 2319 893 2350; x_wconf 88' lang='lat' dir='ltr'><strong>eius</strong></span> <span class='ocrx_word' id='word_1_457' title='bbox 917 2318 1063 2350; x_wconf 90' lang='lat' dir='ltr'><strong>cessavit</strong></span> <span class='ocrx_word' id='word_1_458' title='bbox 1086 2318 1291 2360; x_wconf 86' lang='lat' dir='ltr'><strong>predicatio,</strong></span> <span class='ocrx_word' id='word_1_459' title='bbox 1316 2317 1485 2349; x_wconf 89' lang='lat' dir='ltr'><strong>obmutuit</strong></span> <span class='ocrx_word' id='word_1_460' title='bbox 1509 2318 1681 2350; x_wconf 90' lang='lat' dir='ltr'><strong>confessio</strong></span> <span class='ocrx_word' id='word_1_461' title='bbox 1705 2324 1936 2360; x_wconf 91' lang='lat' dir='ltr'><strong>peccatorum,</strong></span> <span class='ocrx_word' id='word_1_462' title='bbox 1961 2323 1995 2349; x_wconf 90' lang='lat' dir='ltr'><strong>et</strong></span> 
     </span>
     <span class='ocr_line' id='line_1_45' title="bbox 147 2370 1995 2413; baseline -0.002 -9"><span class='ocrx_word' id='word_1_463' title='bbox 147 2372 286 2404; x_wconf 88' lang='lat' dir='ltr'><strong>devotio</strong></span> <span class='ocrx_word' id='word_1_464' title='bbox 310 2372 391 2404; x_wconf 89' lang='lat' dir='ltr'><strong>fidei</strong></span> <span class='ocrx_word' id='word_1_465' title='bbox 415 2378 467 2404; x_wconf 91' lang='lat' dir='ltr'><strong>est</strong></span> <span class='ocrx_word' id='word_1_466' title='bbox 491 2373 652 2404; x_wconf 77' lang='lat' dir='ltr'><strong>extincta.</strong></span> <span class='ocrx_word' id='word_1_467' title='bbox 699 2372 851 2403; x_wconf 89' lang='lat' dir='ltr'><strong>Visitare</strong></span> <span class='ocrx_word' id='word_1_468' title='bbox 876 2372 978 2403; x_wconf 89' lang='lat' dir='ltr'><strong>etiam</strong></span> <span class='ocrx_word' id='word_1_469' title='bbox 1010 2377 1129 2403; x_wconf 88' lang='lat' dir='ltr'><strong>sancta</strong></span> <span class='ocrx_word' id='word_1_470' title='bbox 1161 2371 1235 2403; x_wconf 88' lang='lat' dir='ltr'><strong>loca</strong></span> <span class='ocrx_word' id='word_1_471' title='bbox 1266 2370 1404 2413; x_wconf 89' lang='lat' dir='ltr'><strong>publice</strong></span> <span class='ocrx_word' id='word_1_472' title='bbox 1429 2371 1584 2403; x_wconf 90' lang='lat' dir='ltr'><strong>homines</strong></span> <span class='ocrx_word' id='word_1_473' title='bbox 1606 2381 1675 2402; x_wconf 91' lang='lat' dir='ltr'><strong>non</strong></span> <span class='ocrx_word' id='word_1_474' title='bbox 1699 2370 1890 2403; x_wconf 88' lang='lat' dir='ltr'><strong>audebant:</strong></span> <span class='ocrx_word' id='word_1_475' title='bbox 1915 2381 1995 2402; x_wconf 91' lang='lat' dir='ltr'><strong>nam</strong></span> 
     </span>
     <span class='ocr_line' id='line_1_46' title="bbox 146 2423 1993 2467; baseline -0.001 -11"><span class='ocrx_word' id='word_1_476' title='bbox 146 2430 370 2457; x_wconf 84' lang='lat' dir='ltr'><strong>accuxatores</strong></span> <span class='ocrx_word' id='word_1_477' title='bbox 405 2425 448 2457; x_wconf 92' lang='lat' dir='ltr'><strong>ab</strong></span> <span class='ocrx_word' id='word_1_478' title='bbox 482 2425 557 2467; x_wconf 88' lang='lat' dir='ltr'><strong>ipso</strong></span> <span class='ocrx_word' id='word_1_479' title='bbox 593 2430 690 2456; x_wconf 91' lang='lat' dir='ltr'><strong>erant</strong></span> <span class='ocrx_word' id='word_1_480' title='bbox 725 2425 760 2456; x_wconf 89' lang='lat' dir='ltr'><strong>in</strong></span> <span class='ocrx_word' id='word_1_481' title='bbox 795 2424 922 2467; x_wconf 90' lang='lat' dir='ltr'><strong>populo</strong></span> <span class='ocrx_word' id='word_1_482' title='bbox 955 2424 1150 2461; x_wconf 87' lang='lat' dir='ltr'><strong>constituti,</strong></span> <span class='ocrx_word' id='word_1_483' title='bbox 1182 2424 1240 2466; x_wconf 93' lang='lat' dir='ltr'><strong>qui</strong></span> <span class='ocrx_word' id='word_1_484' title='bbox 1274 2423 1458 2466; x_wconf 84' lang='lat' dir='ltr'><strong>vigilanter</strong></span> <span class='ocrx_word' id='word_1_485' title='bbox 1492 2429 1527 2455; x_wconf 89' lang='lat' dir='ltr'><strong>et</strong></span> <span class='ocrx_word' id='word_1_486' title='bbox 1561 2423 1708 2455; x_wconf 88' lang='lat' dir='ltr'><strong>sollicite</strong></span> <span class='ocrx_word' id='word_1_487' title='bbox 1743 2423 1993 2465; x_wconf 87' lang='lat' dir='ltr'><strong>procurabant,</strong></span> 
     </span>
     <span class='ocr_line' id='line_1_47' title="bbox 146 2476 1996 2520; baseline -0.001 -12"><span class='ocrx_word' id='word_1_488' title='bbox 146 2488 189 2509; x_wconf 91' lang='lat' dir='ltr'><strong>ne</strong></span> <span class='ocrx_word' id='word_1_489' title='bbox 213 2478 298 2520; x_wconf 90' lang='lat' dir='ltr'><strong>quid</strong></span> <span class='ocrx_word' id='word_1_490' title='bbox 321 2478 357 2509; x_wconf 92' lang='lat' dir='ltr'><strong>in</strong></span> <span class='ocrx_word' id='word_1_491' title='bbox 380 2476 474 2510; x_wconf 89' lang='lat' dir='ltr'><strong>dicto</strong></span> <span class='ocrx_word' id='word_1_492' title='bbox 507 2478 562 2510; x_wconf 91' lang='lat' dir='ltr'><strong>vel</strong></span> <span class='ocrx_word' id='word_1_493' title='bbox 593 2478 690 2510; x_wconf 89' lang='lat' dir='ltr'><strong>facto</strong></span> <span class='ocrx_word' id='word_1_494' title='bbox 722 2477 765 2508; x_wconf 89' lang='lat' dir='ltr'><strong>ab</strong></span> <span class='ocrx_word' id='word_1_495' title='bbox 797 2477 912 2519; x_wconf 84' lang='lat' dir='ltr'><strong>aliquo</strong></span> <span class='ocrx_word' id='word_1_496' title='bbox 944 2482 1064 2509; x_wconf 89' lang='lat' dir='ltr'><strong>contra</strong></span> <span class='ocrx_word' id='word_1_497' title='bbox 1087 2483 1294 2519; x_wconf 81' lang='lat' dir='ltr'><strong>tyranpnum</strong></span> <span class='ocrx_word' id='word_1_498' title='bbox 1324 2476 1526 2519; x_wconf 83' lang='lat' dir='ltr'><strong>pestiferum</strong></span> <span class='ocrx_word' id='word_1_499' title='bbox 1558 2482 1784 2514; x_wconf 82' lang='lat' dir='ltr'><strong>tractaretur3</strong></span> <span class='ocrx_word' id='word_1_500' title='bbox 1817 2482 1996 2508; x_wconf 90' lang='lat' dir='ltr'><strong>accusatus</strong></span> 
     </span>
     <span class='ocr_line' id='line_1_48' title="bbox 146 2529 1994 2572; baseline -0.001 -10"><span class='ocrx_word' id='word_1_501' title='bbox 146 2536 260 2562; x_wconf 86' lang='lat' dir='ltr'><strong>autem</strong></span> <span class='ocrx_word' id='word_1_502' title='bbox 285 2542 306 2562; x_wconf 93' lang='lat' dir='ltr'><strong>a</strong></span> <span class='ocrx_word' id='word_1_503' title='bbox 329 2530 455 2563; x_wconf 86' lang='lat' dir='ltr'><strong>talibus</strong></span> <span class='ocrx_word' id='word_1_504' title='bbox 477 2530 744 2569; x_wconf 79' lang='lat' dir='ltr'><strong>insidiatoribus,</strong></span> <span class='ocrx_word' id='word_1_505' title='bbox 770 2530 873 2562; x_wconf 90' lang='lat' dir='ltr'><strong>etiam</strong></span> <span class='ocrx_word' id='word_1_506' title='bbox 893 2530 936 2562; x_wconf 92' lang='lat' dir='ltr'><strong>de</strong></span> <span class='ocrx_word' id='word_1_507' title='bbox 954 2529 1126 2561; x_wconf 88' lang='lat' dir='ltr'><strong>levissima</strong></span> <span class='ocrx_word' id='word_1_508' title='bbox 1153 2529 1266 2572; x_wconf 91' lang='lat' dir='ltr'><strong>culpa,</strong></span> <span class='ocrx_word' id='word_1_509' title='bbox 1282 2530 1436 2571; x_wconf 89' lang='lat' dir='ltr'><strong>protinus</strong></span> <span class='ocrx_word' id='word_1_510' title='bbox 1460 2529 1494 2560; x_wconf 93' lang='lat' dir='ltr'><strong>in</strong></span> <span class='ocrx_word' id='word_1_511' title='bbox 1512 2529 1634 2561; x_wconf 88' lang='lat' dir='ltr'><strong>aculeo</strong></span> <span class='ocrx_word' id='word_1_512' title='bbox 1652 2529 1839 2567; x_wconf 89' lang='lat' dir='ltr'><strong>levabatur,</strong></span> <span class='ocrx_word' id='word_1_513' title='bbox 1857 2535 1994 2571; x_wconf 90' lang='lat' dir='ltr'><strong>totaque</strong></span> 
     </span>
     <span class='ocr_line' id='line_1_49' title="bbox 146 2582 1997 2626; baseline -0.001 -11"><span class='ocrx_word' id='word_1_514' title='bbox 146 2583 219 2615; x_wconf 90' lang='lat' dir='ltr'><strong>eius</strong></span> <span class='ocrx_word' id='word_1_515' title='bbox 241 2583 374 2616; x_wconf 84' lang='lat' dir='ltr'><strong>familia</strong></span> <span class='ocrx_word' id='word_1_516' title='bbox 391 2585 593 2626; x_wconf 86' lang='lat' dir='ltr'><strong>captivitate</strong></span> <span class='ocrx_word' id='word_1_517' title='bbox 610 2589 778 2626; x_wconf 88' lang='lat' dir='ltr'><strong>perpetua</strong></span> <span class='ocrx_word' id='word_1_518' title='bbox 794 2583 1020 2625; x_wconf 88' lang='lat' dir='ltr'><strong>dapnabatur.</strong></span> <span class='ocrx_word' id='word_1_519' title='bbox 1037 2583 1212 2615; x_wconf 82' lang='lat' dir='ltr'><strong>Defensor</strong></span> <span class='ocrx_word' id='word_1_520' title='bbox 1228 2583 1340 2614; x_wconf 89' lang='lat' dir='ltr'><strong>nullus</strong></span> <span class='ocrx_word' id='word_1_521' title='bbox 1357 2582 1390 2613; x_wconf 90' lang='lat' dir='ltr'><strong>in</strong></span> <span class='ocrx_word' id='word_1_522' title='bbox 1407 2582 1574 2625; x_wconf 85' lang='lat' dir='ltr'><strong>angustiis</strong></span> <span class='ocrx_word' id='word_1_523' title='bbox 1590 2582 1765 2624; x_wconf 88' lang='lat' dir='ltr'><strong>aparebat,</strong></span> <span class='ocrx_word' id='word_1_524' title='bbox 1783 2588 1997 2614; x_wconf 90' lang='lat' dir='ltr'><strong>acusatorum</strong></span> 
     </span>
     <span class='ocr_line' id='line_1_50' title="bbox 146 2635 1998 2679; baseline -0.001 -11"><span class='ocrx_word' id='word_1_525' title='bbox 146 2646 228 2668; x_wconf 87' lang='lat' dir='ltr'><strong>vero</strong></span> <span class='ocrx_word' id='word_1_526' title='bbox 253 2642 326 2668; x_wconf 87' lang='lat' dir='ltr'><strong>erat</strong></span> <span class='ocrx_word' id='word_1_527' title='bbox 348 2647 509 2669; x_wconf 91' lang='lat' dir='ltr'><strong>numerus</strong></span> <span class='ocrx_word' id='word_1_528' title='bbox 533 2637 693 2669; x_wconf 88' lang='lat' dir='ltr'><strong>infinitus.</strong></span> <span class='ocrx_word' id='word_1_529' title='bbox 739 2637 910 2668; x_wconf 88' lang='lat' dir='ltr'><strong>Residere</strong></span> <span class='ocrx_word' id='word_1_530' title='bbox 934 2636 996 2668; x_wconf 89' lang='lat' dir='ltr'><strong>sub</strong></span> <span class='ocrx_word' id='word_1_531' title='bbox 1027 2635 1174 2667; x_wconf 90' lang='lat' dir='ltr'><strong>Ecellini</strong></span> <span class='ocrx_word' id='word_1_532' title='bbox 1204 2635 1411 2679; x_wconf 88' lang='lat' dir='ltr'><strong>tyranpnide</strong></span> <span class='ocrx_word' id='word_1_533' title='bbox 1435 2641 1508 2667; x_wconf 88' lang='lat' dir='ltr'><strong>erat</strong></span> <span class='ocrx_word' id='word_1_534' title='bbox 1539 2635 1778 2673; x_wconf 89' lang='lat' dir='ltr'><strong>intollerabile,</strong></span> <span class='ocrx_word' id='word_1_535' title='bbox 1811 2642 1845 2668; x_wconf 86' lang='lat' dir='ltr'><strong>et</strong></span> <span class='ocrx_word' id='word_1_536' title='bbox 1876 2635 1998 2679; x_wconf 84' lang='lat' dir='ltr'><strong>fugere</strong></span> 
     </span>
     <span class='ocr_line' id='line_1_51' title="bbox 148 2688 1998 2732; baseline 0.001 -13"><span class='ocrx_word' id='word_1_537' title='bbox 148 2689 358 2731; x_wconf 88' lang='lat' dir='ltr'><strong>impossibile</strong></span> <span class='ocrx_word' id='word_1_538' title='bbox 381 2690 574 2729; x_wconf 89' lang='lat' dir='ltr'><strong>videbatur,</strong></span> <span class='ocrx_word' id='word_1_539' title='bbox 598 2690 681 2732; x_wconf 85' lang='lat' dir='ltr'><strong>quia</strong></span> <span class='ocrx_word' id='word_1_540' title='bbox 704 2689 929 2732; x_wconf 89' lang='lat' dir='ltr'><strong>nequissimus</strong></span> <span class='ocrx_word' id='word_1_541' title='bbox 953 2689 1079 2721; x_wconf 88' lang='lat' dir='ltr'><strong>demon</strong></span> <span class='ocrx_word' id='word_1_542' title='bbox 1103 2689 1239 2720; x_wconf 90' lang='lat' dir='ltr'><strong>fossatis</strong></span> <span class='ocrx_word' id='word_1_543' title='bbox 1262 2688 1395 2731; x_wconf 78' lang='lat' dir='ltr'><strong>magnis</strong></span> <span class='ocrx_word' id='word_1_544' title='bbox 1419 2689 1611 2721; x_wconf 88' lang='lat' dir='ltr'><strong>districtum</strong></span> <span class='ocrx_word' id='word_1_545' title='bbox 1634 2698 1730 2720; x_wconf 89' lang='lat' dir='ltr'><strong>suum</strong></span> <span class='ocrx_word' id='word_1_546' title='bbox 1761 2688 1998 2721; x_wconf 90' lang='lat' dir='ltr'><strong>circumdede-</strong></span> 
     </span>
     <span class='ocr_line' id='line_1_52' title="bbox 148 2740 1999 2784; baseline 0 -11"><span class='ocrx_word' id='word_1_547' title='bbox 148 2747 201 2774; x_wconf 91' lang='lat' dir='ltr'><strong>rat</strong></span> <span class='ocrx_word' id='word_1_548' title='bbox 227 2747 263 2774; x_wconf 90' lang='lat' dir='ltr'><strong>et</strong></span> <span class='ocrx_word' id='word_1_549' title='bbox 292 2753 395 2784; x_wconf 89' lang='lat' dir='ltr'><strong>super</strong></span> <span class='ocrx_word' id='word_1_550' title='bbox 418 2743 492 2784; x_wconf 86' lang='lat' dir='ltr'><strong>ipsa</strong></span> <span class='ocrx_word' id='word_1_551' title='bbox 514 2743 649 2775; x_wconf 82' lang='lat' dir='ltr'><strong>fecerat</strong></span> <span class='ocrx_word' id='word_1_552' title='bbox 674 2742 840 2784; x_wconf 85' lang='lat' dir='ltr'><strong>speculas,</strong></span> <span class='ocrx_word' id='word_1_553' title='bbox 866 2752 950 2784; x_wconf 87' lang='lat' dir='ltr'><strong>quas</strong></span> <span class='ocrx_word' id='word_1_554' title='bbox 972 2741 1169 2773; x_wconf 87' lang='lat' dir='ltr'><strong>Marchiani</strong></span> <span class='ocrx_word' id='word_1_555' title='bbox 1200 2741 1303 2773; x_wconf 87' lang='lat' dir='ltr'><strong>miras</strong></span> <span class='ocrx_word' id='word_1_556' title='bbox 1334 2740 1565 2784; x_wconf 89' lang='lat' dir='ltr'><strong>appellabant,</strong></span> <span class='ocrx_word' id='word_1_557' title='bbox 1597 2741 1633 2772; x_wconf 92' lang='lat' dir='ltr'><strong>in</strong></span> <span class='ocrx_word' id='word_1_558' title='bbox 1665 2740 1789 2784; x_wconf 91' lang='lat' dir='ltr'><strong>quibus</strong></span> <span class='ocrx_word' id='word_1_559' title='bbox 1821 2746 1918 2773; x_wconf 90' lang='lat' dir='ltr'><strong>erant</strong></span> <span class='ocrx_word' id='word_1_560' title='bbox 1943 2741 1999 2774; x_wconf 91' lang='lat' dir='ltr'><strong>die</strong></span> 
     </span>
     <span class='ocr_line' id='line_1_53' title="bbox 149 2793 1999 2838; baseline -0.001 -12"><span class='ocrx_word' id='word_1_561' title='bbox 149 2801 321 2838; x_wconf 91' lang='lat' dir='ltr'><strong>noctuque</strong></span> <span class='ocrx_word' id='word_1_562' title='bbox 345 2795 590 2837; x_wconf 88' lang='lat' dir='ltr'><strong>speculatores,</strong></span> <span class='ocrx_word' id='word_1_563' title='bbox 616 2795 674 2838; x_wconf 92' lang='lat' dir='ltr'><strong>qui</strong></span> <span class='ocrx_word' id='word_1_564' title='bbox 698 2805 763 2827; x_wconf 88' lang='lat' dir='ltr'><strong>nec</strong></span> <span class='ocrx_word' id='word_1_565' title='bbox 787 2795 927 2833; x_wconf 87' lang='lat' dir='ltr'><strong>intrare,</strong></span> <span class='ocrx_word' id='word_1_566' title='bbox 952 2805 1017 2826; x_wconf 90' lang='lat' dir='ltr'><strong>nec</strong></span> <span class='ocrx_word' id='word_1_567' title='bbox 1046 2793 1140 2825; x_wconf 84' lang='lat' dir='ltr'><strong>exire</strong></span> <span class='ocrx_word' id='word_1_568' title='bbox 1157 2794 1290 2836; x_wconf 86' lang='lat' dir='ltr'><strong>aliquos</strong></span> <span class='ocrx_word' id='word_1_569' title='bbox 1307 2793 1569 2835; x_wconf 89' lang='lat' dir='ltr'><strong>permictebant.</strong></span> <span class='ocrx_word' id='word_1_570' title='bbox 1616 2793 1654 2825; x_wconf 86' lang='lat' dir='ltr'><strong>Si</strong></span> <span class='ocrx_word' id='word_1_571' title='bbox 1672 2794 1747 2836; x_wconf 92' lang='lat' dir='ltr'><strong>quis</strong></span> <span class='ocrx_word' id='word_1_572' title='bbox 1763 2805 1846 2826; x_wconf 90' lang='lat' dir='ltr'><strong>vero</strong></span> <span class='ocrx_word' id='word_1_573' title='bbox 1862 2793 1898 2825; x_wconf 90' lang='lat' dir='ltr'><strong>in</strong></span> <span class='ocrx_word' id='word_1_574' title='bbox 1915 2794 1999 2838; x_wconf 83' lang='lat' dir='ltr'><strong>fuga</strong></span> 
     </span>
    </p>
   </div>
   <div class='ocr_carea' id='block_1_8' title="bbox 151 2905 1997 3024">
    <p class='ocr_par' dir='ltr' id='par_1_10' title="bbox 151 2905 1997 3024">
     <span class='ocr_line' id='line_1_54' title="bbox 242 2905 1997 2940; baseline -0.002 -9"><span class='ocrx_word' id='word_1_575' title='bbox 242 2915 282 2933; x_wconf 83' lang='lat'><strong>11.</strong></span> <span class='ocrx_word' id='word_1_576' title='bbox 301 2908 471 2932; x_wconf 82' lang='lat' dir='ltr'><strong>necabantur</strong></span> <span class='ocrx_word' id='word_1_577' title='bbox 483 2909 496 2930; x_wconf 69' lang='grc' dir='ltr'><em>ἑ</em></span> <span class='ocrx_word' id='word_1_578' title='bbox 509 2909 568 2932; x_wconf 82' lang='lat' dir='ltr'><strong>dato</strong></span> <span class='ocrx_word' id='word_1_579' title='bbox 581 2908 656 2940; x_wconf 71' lang='lat' dir='ltr'><strong>dagli</strong></span> <span class='ocrx_word' id='word_1_580' title='bbox 674 2908 753 2931; x_wconf 77' lang='grc' dir='ltr'>ΑΝΝ.</span> <span class='ocrx_word' id='word_1_581' title='bbox 774 2915 785 2929; x_wconf 75' lang='lat' dir='ltr'><strong>e</strong></span> <span class='ocrx_word' id='word_1_582' title='bbox 805 2908 838 2930; x_wconf 79' lang='lat' dir='ltr'><strong>da</strong></span> <span class='ocrx_word' id='word_1_583' title='bbox 858 2906 952 2936; x_wconf 72' lang='lat' dir='ltr'><strong>Mon.;</strong></span> <span class='ocrx_word' id='word_1_584' title='bbox 972 2906 1155 2930; x_wconf 79' lang='lat' dir='ltr'><strong>nectabantur</strong></span> <span class='ocrx_word' id='word_1_585' title='bbox 1168 2905 1192 2928; x_wconf 89' lang='lat' dir='ltr'><em>A</em></span> <span class='ocrx_word' id='word_1_586' title='bbox 1206 2917 1235 2921; x_wconf 91' lang='lat'><strong>—</strong></span> <span class='ocrx_word' id='word_1_587' title='bbox 1252 2911 1293 2929; x_wconf 77' lang='lat'><strong>12.</strong></span> <span class='ocrx_word' id='word_1_588' title='bbox 1308 2905 1383 2936; x_wconf 84' lang='lat' dir='ltr'><strong>ignis</strong></span> <span class='ocrx_word' id='word_1_589' title='bbox 1392 2906 1483 2936; x_wconf 72' lang='lat' dir='ltr'><strong>prima</strong></span> <span class='ocrx_word' id='word_1_590' title='bbox 1496 2913 1573 2929; x_wconf 68' lang='lat' dir='ltr'><strong>avem</strong></span> <span class='ocrx_word' id='word_1_591' title='bbox 1592 2907 1628 2933; x_wconf 71' lang='lat' dir='ltr'><strong>A,</strong></span> <span class='ocrx_word' id='word_1_592' title='bbox 1645 2907 1693 2937; x_wconf 75' lang='lat' dir='ltr'><strong>pot</strong></span> <span class='ocrx_word' id='word_1_593' title='bbox 1709 2908 1816 2929; x_wconf 74' lang='lat' dir='ltr'><strong>corretto</strong></span> <span class='ocrx_word' id='word_1_594' title='bbox 1837 2906 1865 2928; x_wconf 77' lang='lat' dir='ltr'><strong>in</strong></span> <span class='ocrx_word' id='word_1_595' title='bbox 1886 2906 1951 2936; x_wconf 85' lang='lat' dir='ltr'><strong>igne</strong></span> <span class='ocrx_word' id='word_1_596' title='bbox 1966 2919 1997 2922; x_wconf 92' lang='lat'><strong>—</strong></span> 
     </span>
     <span class='ocr_line' id='line_1_55' title="bbox 151 2945 1997 2982; baseline -0.002 -9"><span class='ocrx_word' id='word_1_597' title='bbox 151 2956 194 2974; x_wconf 80' lang='lat'><strong>21.</strong></span> <span class='ocrx_word' id='word_1_598' title='bbox 209 2949 358 2974; x_wconf 78' lang='lat' dir='ltr'><strong>inducebat</strong></span> <span class='ocrx_word' id='word_1_599' title='bbox 371 2951 394 2973; x_wconf 79' lang='lat' dir='ltr'><em>A</em></span> <span class='ocrx_word' id='word_1_600' title='bbox 410 2964 442 2967; x_wconf 84' lang='lat'><strong>——</strong></span> <span class='ocrx_word' id='word_1_601' title='bbox 457 2957 498 2982; x_wconf 77' lang='lat'><strong>24.</strong></span> <span class='ocrx_word' id='word_1_602' title='bbox 519 2950 679 2974; x_wconf 83' lang='lat' dir='ltr'><strong>adulatione</strong></span> <span class='ocrx_word' id='word_1_603' title='bbox 699 2949 775 2974; x_wconf 71' lang='lat' dir='ltr'><strong>Mna.</strong></span> <span class='ocrx_word' id='word_1_604' title='bbox 796 2962 806 2967; x_wconf 90' lang='lat'>-</span> <span class='ocrx_word' id='word_1_605' title='bbox 826 2949 944 2972; x_wconf 82' lang='lat' dir='ltr'><strong>dicentis</strong></span> <span class='ocrx_word' id='word_1_606' title='bbox 962 2948 985 2971; x_wconf 97' lang='lat' dir='ltr'><em>A</em></span> <span class='ocrx_word' id='word_1_607' title='bbox 1006 2962 1038 2965; x_wconf 88' lang='lat'><strong>—</strong></span> <span class='ocrx_word' id='word_1_608' title='bbox 1059 2953 1100 2978; x_wconf 81' lang='lat'><strong>25.</strong></span> <span class='ocrx_word' id='word_1_609' title='bbox 1121 2947 1159 2971; x_wconf 87' lang='lat' dir='ltr'><strong>ita</strong></span> <span class='ocrx_word' id='word_1_610' title='bbox 1179 2947 1306 2972; x_wconf 82' lang='lat' dir='ltr'><strong>sacerdos</strong></span> <span class='ocrx_word' id='word_1_611' title='bbox 1326 2946 1403 2971; x_wconf 72' lang='lat' dir='ltr'><strong>Mun.</strong></span> <span class='ocrx_word' id='word_1_612' title='bbox 1418 2960 1449 2964; x_wconf 89' lang='lat'>-</span> <span class='ocrx_word' id='word_1_613' title='bbox 1464 2952 1507 2977; x_wconf 85' lang='lat'><strong>30.</strong></span> <span class='ocrx_word' id='word_1_614' title='bbox 1527 2947 1678 2979; x_wconf 82' lang='lat' dir='ltr'><strong>populares</strong></span> <span class='ocrx_word' id='word_1_615' title='bbox 1697 2946 1720 2970; x_wconf 93' lang='lat' dir='ltr'><em>A</em></span> <span class='ocrx_word' id='word_1_616' title='bbox 1742 2959 1774 2963; x_wconf 90' lang='lat'>—</span> <span class='ocrx_word' id='word_1_617' title='bbox 1795 2953 1836 2977; x_wconf 75' lang='lat'><strong>34.</strong></span> <span class='ocrx_word' id='word_1_618' title='bbox 1857 2945 1997 2977; x_wconf 79' lang='lat' dir='ltr'><strong>depositis</strong></span> 
     </span>
     <span class='ocr_line' id='line_1_56' title="bbox 151 2989 1329 3024; baseline -0.001 -11"><span class='ocrx_word' id='word_1_619' title='bbox 151 2992 176 3013; x_wconf 85' lang='grc' dir='ltr'><em>Β</em></span> <span class='ocrx_word' id='word_1_620' title='bbox 196 2991 274 3016; x_wconf 75' lang='lat' dir='ltr'><strong>Mun.</strong></span> <span class='ocrx_word' id='word_1_621' title='bbox 289 3006 319 3008; x_wconf 83' lang='lat'><strong>—-</strong></span> <span class='ocrx_word' id='word_1_622' title='bbox 341 2999 382 3024; x_wconf 87' lang='lat'><strong>39.</strong></span> <span class='ocrx_word' id='word_1_623' title='bbox 398 2993 459 3023; x_wconf 72' lang='lat' dir='ltr'><strong>dopo</strong></span> <span class='ocrx_word' id='word_1_624' title='bbox 480 2999 543 3016; x_wconf 87' lang='lat' dir='ltr'><strong>nam</strong></span> <span class='ocrx_word' id='word_1_625' title='bbox 562 2992 585 3015; x_wconf 85' lang='lat' dir='ltr'><em>A</em></span> <span class='ocrx_word' id='word_1_626' title='bbox 604 2999 661 3022; x_wconf 73' lang='lat' dir='ltr'><strong>agg.</strong></span> <span class='ocrx_word' id='word_1_627' title='bbox 677 2999 740 3015; x_wconf 86' lang='lat' dir='ltr'><strong>cum</strong></span> <span class='ocrx_word' id='word_1_628' title='bbox 763 3005 794 3008; x_wconf 93' lang='lat'>—</span> <span class='ocrx_word' id='word_1_629' title='bbox 815 2998 858 3022; x_wconf 70' lang='grc' dir='ltr'><strong>μ.</strong></span> <span class='ocrx_word' id='word_1_630' title='bbox 872 2989 950 3022; x_wconf 88' lang='lat' dir='ltr'><strong>quid]</strong></span> <span class='ocrx_word' id='word_1_631' title='bbox 971 2990 1034 3020; x_wconf 86' lang='lat' dir='ltr'><strong>quis</strong></span> <span class='ocrx_word' id='word_1_632' title='bbox 1053 2990 1076 3014; x_wconf 92' lang='lat' dir='ltr'><em>A</em></span> <span class='ocrx_word' id='word_1_633' title='bbox 1097 3002 1108 3007; x_wconf 94' lang='lat'>-</span> <span class='ocrx_word' id='word_1_634' title='bbox 1128 2990 1287 3013; x_wconf 81' lang='lat' dir='ltr'><strong>accusatum</strong></span> <span class='ocrx_word' id='word_1_635' title='bbox 1307 2989 1329 3011; x_wconf 76' lang='lat' dir='ltr'><em>A</em></span> 
     </span>
    </p>
   </div>
   <div class='ocr_carea' id='block_1_9' title="bbox 2061 1162 2150 1180">
    <p class='ocr_par' dir='ltr' id='par_1_11' title="bbox 2061 1162 2150 1180">
     <span class='ocr_line' id='line_1_57' title="bbox 2061 1162 2150 1180; baseline -0.011 -4"><span class='ocrx_word' id='word_1_636' title='bbox 2061 1164 2080 1178; x_wconf 70' lang='lat' dir='ltr'><strong>c.</strong></span> <span class='ocrx_word' id='word_1_637' title='bbox 2095 1162 2150 1180; x_wconf 72' lang='lat'><strong>³5⁴1!</strong></span> 
     </span>
    </p>
   </div>
   <div class='ocr_carea' id='block_1_10' title="bbox 2068 1955 2199 1980">
    <p class='ocr_par' dir='ltr' id='par_1_12' title="bbox 2068 1955 2199 1980">
     <span class='ocr_line' id='line_1_58' title="bbox 2068 1955 2199 1980; baseline -0.008 -6"><span class='ocrx_word' id='word_1_638' title='bbox 2068 1956 2144 1980; x_wconf 62' lang='lat' dir='ltr'><strong>Mum,</strong></span> <span class='ocrx_word' id='word_1_639' title='bbox 2160 1955 2199 1974; x_wconf 81' lang='lat'><strong>310</strong></span> 
     </span>
    </p>
   </div>
  </div>
 </body>
</html>
