2307 3592
114 254 166 288 [A.
189 254 281 287 1259]
745 249 1056 285 CHRONICON
1084 249 1253 285 ESTEN
1257 249 1316 284 SE
1901 247 1947 286 37

114 382 312 420 potuerunt3
337 378 392 410 vel
415 378 506 410 forte
530 378 564 409 in
586 383 655 410 tam
680 378 778 420 gravi
810 379 1012 411 discrimine
1041 388 1157 421 pugne
1190 379 1266 420 plus
1297 379 1331 410 in
1363 388 1528 421 equorum
1559 378 1754 417 velocitate,
1786 389 1887 421 quam
1920 379 1956 409 in

114 429 327 470 planetorum
351 428 478 461 auxilio
502 428 732 461 confidebant.
778 429 823 461 Et
845 440 887 461 ne
910 429 1035 472 aliquis
1058 429 1198 472 ignarus
1223 429 1318 461 istius
1342 430 1472 472 negotii
1495 429 1608 461 valeat
1632 428 1750 461 dicere
1775 429 1811 460 in
1828 429 1954 467 futuro,

113 479 311 522 magistrum
334 479 503 511 scelerum
527 479 569 511 de
600 480 724 511 talibus
755 489 825 511 non
857 489 1004 519 curasse,
1036 485 1108 511 tota
1138 479 1297 512 Marchia
1328 480 1364 511 in
1396 480 1626 512 testimonium
1657 479 1859 518 deducatur,
1888 490 1954 522 que

113 529 197 561 vidit
219 530 256 560 in
280 529 352 561 eius
377 529 470 561 curia
492 530 607 571 plures
632 535 845 562 astronomos
876 530 1058 573 magnifice
1091 531 1286 568 honoratos,
1317 530 1515 573 magistrum
1547 531 1722 562 Salionem
1752 530 1956 562 canonicum

72 579 89 611 5
114 580 309 622 paduanum
339 586 372 611 et
406 580 659 621 Riprandinum
689 589 931 619 veronensem,
963 580 1158 613 Guidonem
1189 581 1233 612 de
1264 581 1396 613 Bonato
1428 588 1655 613 astronomum
1684 581 1919 613 forliviensem
1935 582 1956 618 ¹,

114 630 258 662 Paulum
281 631 385 663 etiam
408 641 612 662 saracenum
625 630 635 647 2
660 642 738 663 cum
754 630 860 663 barba
875 631 1020 672 prolixa,
1037 632 1095 674 qui
1112 632 1155 663 de
1172 632 1304 664 Baldac
1316 632 1327 650 ³
1344 632 1449 671 venit,
1466 643 1486 663 a
1502 632 1638 664 remotis
1655 632 1819 663 videlicet
1835 631 1956 663 finibus

115 681 280 720 Orientis,
305 681 361 724 qui
384 687 453 713 tam
475 681 607 724 origine
632 691 734 723 quam
760 687 902 723 aspectu
927 688 960 714 et
984 688 1062 714 actu
1085 681 1175 714 alter
1197 682 1337 714 Balaam
1363 682 1488 714 ariolus
1512 682 1634 714 merito
1658 682 1849 714 videbatur.

202 731 336 763 Eodem
358 731 539 764 millesimo
564 732 607 764 de
629 742 746 764 mense
770 732 973 773 septembris
999 743 1075 764 cum
1107 732 1295 772 Ecellinus,
1318 739 1355 765 ut
1385 733 1577 774 predictum
1606 739 1666 771 est,
1691 733 1726 764 in
1754 743 1874 764 manus
1896 733 1959 764 ho—

115 782 214 815 stium
237 782 424 820 incidisset,
449 788 484 814 et
507 788 596 815 esset
619 782 653 813 in
676 782 785 824 prelio
802 783 957 825 graviter
980 783 1190 823 vulneratus,
1216 783 1394 816 Sulcinum
1418 795 1438 815 a
1461 783 1751 816 Cremonensibus
1776 789 1827 815 est
1850 783 1959 814 dedu-

115 839 198 872 ctus,
222 832 338 875 ibique
362 838 439 875 post
454 843 583 874 paucos
600 831 702 872 dies⁴‚
719 843 796 864 curn
813 834 888 865 fere
905 834 1124 876 septuaginta
1142 840 1232 865 esset
1248 844 1427 873 annorum,
1444 835 1639 876 nullamque
1656 834 1788 875 prolem
1805 834 1959 871 haberet,

116 883 280 916 deficiens
303 889 455 915 mortuus
480 889 530 915 est
552 883 589 914 in
612 883 759 925 pessima
782 889 969 916 senectute.
1016 884 1091 916 Hac
1115 885 1388 916 animaversione
1412 895 1431 915 a
1459 885 1534 916 Deo
1558 891 1608 917 est
1631 884 1735 928 digne
1758 884 1906 926 punitus,
1923 890 1959 915 ut

115 934 151 966 in
172 940 280 966 morte
305 933 566 966 oblivisceretur
589 934 650 972 sui,
674 940 888 966 sacramenta
920 934 1155 967 ecclesiastica
1185 935 1396 974 detestando,
1421 935 1490 977 qui,
1516 935 1595 967 dum
1619 936 1760 973 viveret,
1784 935 1962 967 immemor

115 985 181 1016 fuit
202 984 279 1016 Dei.
325 984 364 1016 In
388 984 547 1025 predicto
572 994 654 1016 vero
688 991 799 1017 castro
831 995 956 1026 corpus
980 986 1052 1017 eius
1079 984 1240 1017 traditum
1265 991 1316 1018 est
1339 985 1524 1027 sepulture,
1557 986 1652 1018 cuius
1679 992 1789 1017 autem
1812 985 1960 1017 animam

115 1035 302 1073 infelicem,
326 1035 506 1067 honustam
529 1035 685 1076 pondere
709 1041 944 1077 peccatorum,
970 1037 1133 1068 demones
1159 1036 1284 1079 absque
1309 1036 1412 1068 dubio
1437 1043 1625 1078 rapuerunt
1658 1042 1691 1068 et
1723 1046 1797 1067 eam
1825 1036 1860 1067 in
1884 1046 1964 1077 pro-

57 1085 93 1118 15
117 1084 262 1118 fundum
289 1085 428 1124 inferni,
456 1085 515 1118 ubi
547 1091 597 1117 est
629 1085 784 1117 cumulus
814 1092 1061 1118 tormentorum
1093 1093 1127 1118 et
1158 1087 1251 1119 nulla
1281 1086 1488 1128 redemptio,
1519 1088 1751 1128 proiecerunt.
1798 1087 1865 1119 Iste
1898 1087 1964 1119 fuit

117 1136 192 1168 finis
215 1136 282 1168 vite
307 1146 348 1167 ac
372 1135 568 1179 tyrapnidis
592 1135 752 1168 Ecellini.
799 1136 866 1168 Iste
891 1147 973 1169 vero
991 1138 1131 1169 fuerunt
1149 1138 1317 1176 civitates,
1334 1148 1436 1179 super
1461 1149 1545 1180 quas
1569 1138 1723 1170 exercuit
1746 1138 1963 1181 tyrapnidem

117 1187 322 1219 inauditam:
347 1186 500 1225 Verona,
516 1186 690 1225 Vicentia,
707 1186 838 1226 Padua,
855 1187 1056 1226 Trivixium,
1074 1188 1237 1226 Festrum,
1255 1188 1462 1220 Tridentum
1487 1194 1520 1220 et
1543 1189 1678 1220 Brissia.
1715 1188 1839 1220 Omnia
1863 1189 1964 1220 etiam

117 1244 229 1270 castra
256 1236 476 1279 episcopatus
508 1237 700 1268 cenetensis
732 1247 792 1269 sue
823 1237 976 1270 subdidit
999 1238 1180 1280 potestati3
1205 1239 1325 1270 Padua
1352 1249 1433 1270 vero
1466 1244 1501 1270 et
1530 1239 1735 1270 Tridentum
1767 1245 1845 1270 ante
1876 1249 1965 1270 mor-

118 1295 185 1321 tem
209 1288 316 1330 ipsius
331 1288 375 1320 ab
392 1287 464 1319 eius
480 1287 637 1320 manibus
653 1288 779 1331 iniquis
796 1294 994 1321 evaxerunt.
1040 1289 1109 1321 Per
1126 1291 1286 1321 XXX11110‘
1308 1289 1383 1321 fere
1401 1299 1566 1321 annorum
1583 1290 1800 1328 curriculum,
1819 1290 1965 1321 excluxo

54 1341 95 1372 20
119 1339 244 1371 comite
268 1338 386 1371 Sancti
409 1338 593 1370 Bonefacii
618 1348 696 1370 cum
720 1339 789 1371 suis
813 1339 939 1378 amicis,
967 1339 1141 1372 Veronam
1174 1339 1321 1372 obtinuit
1343 1340 1530 1378 violentem
1563 1346 1597 1372 et
1629 1340 1776 1372 civitatis
1806 1341 1965 1382 potentia

118 1393 298 1430 exaltatus,
323 1391 524 1424 excellentis
547 1392 715 1434 principis
730 1392 893 1425 Federici
918 1393 1101 1425 amicitiam
1118 1393 1318 1436 acquisivit3
1344 1394 1440 1426 cuius
1456 1394 1565 1426 fretus
1581 1393 1705 1425 virtute
1723 1400 1883 1426 cunctam
1899 1393 1964 1425 sibi

118 1445 311 1478 Marchiam
334 1443 540 1487 subiugavit.
586 1444 698 1486 Ipsius
723 1445 852 1487 quippe
875 1445 1027 1488 maligna
1054 1445 1274 1489 instigatione
1291 1446 1477 1488 imperator
1492 1446 1748 1488 potentissimus
1764 1446 1966 1485 Federicus,

121 1498 176 1530 cui
198 1498 336 1540 prebuit
358 1498 421 1529 iste
445 1503 610 1540 tyrapnus
632 1503 831 1541 yntroytum
854 1498 890 1530 in
914 1498 1068 1530 Ytaliam
1091 1509 1154 1541 per
1177 1499 1361 1538 Veronam,
1386 1499 1554 1531 violenter
1579 1499 1754 1531 concussis
1769 1499 1898 1531 viribus
1914 1505 1967 1530 to-

120 1552 186 1583 tius
209 1551 361 1593 Imperii,
385 1550 629 1582 Lombardiam
653 1551 761 1583 voluit
785 1551 958 1583 obtinere:
985 1552 1082 1584 cuius
1105 1552 1155 1584 rei
1180 1563 1282 1585 causa
1304 1553 1393 1584 inter
1417 1563 1592 1584 romanam
1628 1553 1823 1584 Ecclesiam
1840 1558 1874 1583 et
1896 1552 1962 1583 Im·-

57 1603 96 1637 25
119 1603 264 1646 perium,
288 1603 508 1636 inexorabilis
540 1603 714 1635 discordia
745 1609 797 1637 est
829 1610 959 1644 exorta,
990 1611 1133 1647 propter
1165 1616 1266 1648 quam
1298 1606 1404 1637 multa
1434 1605 1529 1637 milia
1560 1606 1735 1637 hominum
1759 1605 1794 1636 in
1823 1604 1966 1637 diversis

120 1656 238 1689 mundi
260 1656 415 1699 partibus
438 1657 624 1699 perierunt.
670 1657 802 1689 Horum
825 1658 991 1690 malorum
1016 1659 1140 1700 capud,
1157 1659 1308 1691 medium
1325 1658 1369 1690 et'
1386 1659 1462 1690 finis
1479 1658 1588 1690 extitit
1604 1658 1756 1700 perfidus
1778 1657 1964 1690 Ecellinus.

208 1711 342 1742 Eodem
365 1709 558 1750 millesimo,
583 1716 616 1742 et
638 1720 755 1742 mense
779 1711 995 1752 septembris.
1040 1712 1147 1743 Fama
1181 1712 1284 1755 igitur
1307 1712 1453 1744 victorie
1477 1722 1538 1753 per
1565 1711 1667 1743 urbes
1695 1711 1823 1754 Ytalye
1852 1711 1966 1742 discu-

120 1769 228 1803 rente,
253 1772 372 1795 omnes
395 1763 514 1805 populi
539 1763 583 1795 de
605 1764 704 1795 ruina
727 1770 876 1807 tyrapny
898 1764 1100 1796 mirabiliter
1123 1764 1331 1803 exultabant,
1355 1764 1472 1797 divine
1504 1764 1639 1796 virtutis
1670 1764 1857 1806 potentiam
1886 1773 1967 1795 con-

121 1816 311 1849 laudantes.
356 1816 436 1848 Non
460 1816 527 1848 fuit
551 1816 597 1848 ita
626 1816 798 1859 generalis
828 1816 943 1849 leticia
974 1823 1008 1849 et
1040 1827 1221 1849 commune
1245 1818 1430 1859 tripudium
1454 1829 1475 1850 a
1497 1817 1611 1850 multis
1638 1823 1729 1849 retro
1754 1816 1965 1858 temporibus

59 1871 100 1903 30
122 1870 158 1901 in
182 1869 378 1902 civitatibus
399 1868 620 1902 Lombardie.
666 1870 768 1902 Tunc
791 1869 967 1901 Vicentini
990 1870 1183 1902 rumoribus
1214 1871 1366 1910 excitati,
1384 1869 1581 1902 confestim'
1607 1880 1685 1902 suos
1703 1870 1805 1907 cives,
1830 1870 1887 1911 qui
1911 1871 1968 1901 fu-

121 1927 243 1967 gerant
267 1933 287 1954 a
305 1922 402 1954 facie
426 1922 590 1955 terribilis
614 1922 764 1955 Ecellini
788 1928 822 1954 et
844 1922 963 1954 Padue
986 1922 1194 1961 residebant,
1218 1930 1255 1955 ut
1279 1923 1430 1955 redirent
1453 1924 1661 1961 vicentiam,
1686 1928 1894 1966 rogaverunt
1902 1934 1910 1958 ;
1937 1927 1971 1953 et

123 1976 172 2008 sic
197 1976 242 2008 ad
264 1976 405 2018 propria
428 1981 507 2007 sunt
530 1975 667 2007 reversi.
713 1975 878 2008 Similiter
901 1976 1084 2018 episcopus
1115 1976 1313 2009 feltrensis5
1338 1982 1370 2008 et
1400 1977 1520 2009 fideles
1543 1976 1703 2009 Ecclesie
1737 1986 1814 2008 cum
1845 1985 1887 2006 eo
1924 1975 1968 2007 ad

123 2040 217 2062 suam
242 2029 420 2061 civitatem
442 2028 590 2071 pacifice
613 2028 801 2061 redierunt.

55 834 92 865 10

848 2029 942 2061 Gens
965 2035 1077 2061 autem
1100 2029 1340 2071 potentissima
1370 2029 1594 2069 Venetorum,
1623 2039 1724 2072 quam
1753 2028 1871 2060 divina
1902 2027 1972 2060 cle-

211 2164 237 2190 3.
255 2158 393 2190 Magister
410 2158 433 2181 A
449 2171 480 2176 --
494 2162 519 2189 7.
532 2157 657 2182 auriolus
675 2158 699 2181 A
712 2171 722 2176 -
738 2158 760 2181 le
776 2157 866 2188 parole
880 2157 991 2182 Balaam
1004 2158 1127 2182 auriolus
1141 2166 1199 2181 sono
1212 2159 1300 2182 scritta·
1309 2159 1521 2189 posterz'ormente
1534 2159 1564 2181 z'n
1577 2158 1601 2181 A
1614 2157 1683 2180 dallo
1696 2160 1770 2180 stesso
1789 2157 1885 2188 copz'sta
1898 2159 1973 2186 sopra

124 2207 175 2223 uno
193 2200 277 2231 spazio
297 2199 401 2223 lascz'ato
422 2200 450 2223 in
469 2201 557 2223 bz'anco
578 2214 609 2217 —
633 2207 673 2225 10.
687 2201 760 2224 esset
779 2199 900 2230 toglz'amo
919 2199 958 2223 col
976 2199 1054 2224 MUR.
1068 2199 1144 2230 dagli
1161 2200 1256 2229 AN'Nst
1276 2208 1322 2223 om.
1337 2200 1361 2223 A
1380 2214 1402 2217 —
1424 2207 1462 2225 12.
1488 2202 1516 2224 te
1542 2201 1572 2223 di
1589 2199 1753 2223 detestando
1773 2205 1832 2229 agg.
1858 2201 1933 2228 sopra
1952 2197 1975 2219 il

123 2243 181 2273 rigro
200 2242 229 2264 in
246 2242 270 2264 A
284 2254 315 2258 —
332 2247 372 2272 13.
385 2242 510 2266 tumulus
530 2241 607 2272 dagli
623 2242 716 2271 ANN.;
736 2241 858 2265 tumulus
876 2241 900 2264 A
915 2242 993 2266 MUR.
1009 2255 1041 2259 —
1055 2246 1093 2272 17.
1108 2241 1266 2266 inauditam
1281 2242 1352 2273 legge
1365 2242 1389 2264 il
1406 2242 1482 2266 Mna.
1503 2241 1631 2273 togliendo
1652 2240 1727 2271 dagli
1739 2240 1832 2270 Axmg
1846 2239 1877 2263 in
1890 2238 1975 2263 auda-

125 2283 195 2307 tiam
215 2283 239 2306 A
264 2297 296 2300 —
321 2283 361 2308 18.
387 2284 543 2307 cenetensis
561 2283 649 2306 scritto
665 2283 878 2314 ,posteriormente
897 2283 926 2306 in
945 2283 969 2306 A
989 2282 1058 2305 dallo
1077 2285 1152 2306 stesso
1171 2285 1267 2314 copz'sta
1288 2286 1338 2314 per
1362 2284 1486 2314 riempz're
1506 2291 1560 2306 muz
1580 2283 1675 2306 lacuna
1701 2294 1730 2299 —-
1760 2287 1801 2311 19.
1814 2280 1937 2305 curiculo
1951 2280 1974 2302 A

68 2580 99 2597 ΚΟ

69 2998 103 3015 20

210 2365 219 2382 ¹
240 2366 253 2380 “
263 2367 334 2391 Vedi
347 2367 440 2392 Guido
455 2367 581 2398 Bonatti,
594 2367 658 2391 vedi
668 2367 793 2391 Asdente
804 2385 817 2398 n
829 2366 909 2398 (Ins.,
923 2374 947 2391 c.
958 2366 1018 2397 XX,

124 2416 150 2432 v.
172 2408 244 2441 118).

211 2449 222 2465 ²
241 2451 339 2475 Anche
358 2451 462 2482 Jacobo
486 2451 620 2476 Malvezzi
647 2451 691 2476 nel
721 2451 865 2474 chronicon
892 2450 962 2483 (RR.
983 2450 1019 2474 II.

124 2492 185 2519 SS..
203 2492 276 2522 XIV,
296 2492 359 2525 930)
380 2492 410 2517 fa
423 2493 569 2517 menzione
583 2493 610 2517 di
622 2493 693 2517 tutti
706 2493 798 2524 questi
811 2493 957 2524 astrologi,
975 2500 1019 2515 ma

123 2533 190 2564 pero
209 2533 350 2566 distingue
370 2535 465 2564 Paolo,
485 2535 534 2558 che
554 2535 614 2559 dice
633 2535 790 2564 bresciano,
808 2534 855 2559 dal
874 2534 1019 2564 Saraceno,

124 2575 169 2599 del
188 2576 268 2607 quale
288 2583 346 2600 non
366 2576 461 2601 indica
480 2576 502 2600 il
523 2584 613 2602 nome.

212 2616 224 2632 ³
243 2617 366 2649 Bagdad.

213 2656 225 2672 ⁴
244 2658 256 2682 1
275 2659 395 2683 cronisti
414 2659 494 2690 quasi
514 2660 748 2684 concordemente
766 2659 869 2684 fissano
889 2659 915 2683 al
934 2663 967 2689 27
992 2658 1022 2682 di

126 2701 274 2725 settembre
293 2702 319 2725 la
335 2701 474 2733 battaglia
494 2702 522 2725 di
542 2702 679 2733 Cassano,
699 2710 744 2726 ma
763 2709 822 2726 non
841 2708 912 2725 sono
925 2701 1022 2725 altret-

125 2743 197 2766 tanti
216 2742 349 2766 concordi
368 2743 567 2768 nell’indicare
587 2743 607 2767 il
625 2745 726 2775 giorno
741 2743 810 2768 della
823 2743 914 2767 morte
928 2742 958 2766 di
971 2743 1022 2766 Ez-

126 2783 224 2808 zelino.
238 2782 399 2808 Rolandino
413 2784 481 2816 (ΚΕ.
496 2785 531 2809 II.
547 2786 608 2813 SS.,
624 2786 700 2817 VIII,
714 2793 740 2818 p.
759 2784 816 2815 166,
830 2792 924 2809 nuova
942 2784 1022 2815 ediz.)

127 2825 216 2849 sci-ive
235 2825 284 2849 che
302 2825 328 2849 la
353 2827 444 2850 morte
470 2827 499 2850 di
520 2827 648 2851 Ezzelino
674 2827 788 2851 sarebbe
813 2826 947 2851 accaduta
971 2833 1024 2850 un-

127 2867 183 2890 dici
202 2867 298 2898 giorni
317 2868 392 2899 dopo
411 2868 439 2892 la
458 2875 508 2893 sua
526 2870 650 2898 cattura3
671 2870 689 2893 il
715 2869 858 2892 Clzronz'con
885 2868 1023 2891 Veronense

128 2907 177 2939 (ill.
193 2909 224 2932 G.
240 2909 287 2936 H„
306 2909 353 2934 SS.
371 2910 446 2940 XIX,
470 2909 511 2941 16)
531 2912 673 2943 trasporta
692 2910 717 2934 la
737 2917 787 2934 sua
801 2911 890 2934 morte
908 2910 934 2934 al
949 2915 981 2940 27
996 2909 1024 2933 dl

129 2952 276 2976 settembre
289 2958 304 2975 e
322 2952 450 2977 Galvano
470 2953 592 2977 Flamma
611 2953 724 2984 (Manz‘p.
743 2953 864 2980 Florum,
884 2953 1025 2977 MURATO-

129 2999 167 3023 m,
189 2992 236 3023 XI,
256 2992 317 3024 690)
343 2994 456 3018 afferma
481 2994 576 3018 chela
602 2994 738 3025 battaglia
756 2993 784 3018 di
810 2993 935 3018 Cassano
961 3000 975 3017 e
999 2993 1025 3016 la

1074 2368 1163 2391 morte
1183 2367 1211 2391 di
1231 2367 1361 2391 Ezzelino
1381 2367 1531 2392 accaddero
1553 2367 1625 2391 nello
1645 2367 1733 2390 stesso
1752 2365 1854 2397 giorno
1869 2368 1901 2395 27
1915 2365 1970 2388 set-

1074 2409 1188 2432 tembre.
1225 2408 1248 2432 Il
1271 2408 1416 2432 chronicon
1435 2409 1620 2432 Placentinum
1642 2407 1688 2439 (ill.
1706 2408 1736 2431 G.
1749 2407 1796 2434 Hs,
1810 2406 1855 2431 SS.
1871 2404 1970 2434 XVIII,

1075 2449 1137 2481 510)
1158 2450 1248 2475 scrive
1266 2450 1316 2474 che
1334 2451 1462 2474 Ezzelino
1481 2450 1512 2474 fu
1535 2450 1667 2474 sconfitto
1686 2457 1700 2473 e
1720 2448 1805 2473 ferito
1826 2448 1846 2471 il
1872 2447 1970 2471 sabato

1074 2497 1107 2522 27
1128 2492 1277 2517 settembre
1296 2501 1310 2517 e
1329 2491 1401 2517 mori
1421 2501 1436 2517 a
1455 2493 1580 2518 Soncino
1607 2493 1651 2517 nel
1669 2492 1800 2524 seguente
1826 2487 1972 2514 mercoledi

1074 2533 1135 2558 cioe
1155 2534 1175 2558 il
1196 2533 1222 2558 1⁰
1241 2534 1389 2564 d’ottobre,
1405 2543 1418 2558 e
1437 2535 1493 2558 tale
1506 2536 1690 2559 attestazione
1709 2533 1723 2558 ὲ
1737 2532 1913 2557 confermata
1928 2532 1971 2554 in-
2022 2539 2032 2546 ·

1076 2576 1274 2600 direttamente
1294 2577 1339 2600 dal
1362 2576 1506 2600 Clmmicon
1525 2576 1663 2599 Parmense
1690 2575 1757 2605 (RR.
1779 2574 1813 2598 II.
1835 2573 1896 2600 SS.,
1922 2572 1970 2602 IX,

1074 2623 1102 2647 p.
1116 2622 1157 2646 21,
1172 2616 1241 2640 ediz.
1255 2616 1386 2648 BonazzIJ
1400 2625 1414 2641 e
1433 2617 1503 2640 dallo
1524 2616 1652 2648 Smerego
1673 2615 1741 2647 (RR.
1757 2615 1791 2639 II.
1807 2614 1869 2642 SS„
1884 2613 1972 2645 VIII).

1076 2658 1097 2681 Il
1117 2658 1227 2691 Cipolla
1240 2659 1276 2682 ha
1290 2659 1458 2683 dimostrato
1470 2659 1520 2683 che
1534 2659 1560 2683 la
1575 2660 1668 2682 morte
1683 2658 1711 2682 di
1726 2657 1853 2681 EzzelIno
1867 2662 1971 2680 avven-

1077 2706 1111 2723 ne
1131 2700 1151 2723 il
1173 2701 1199 2723 1⁰
1218 2699 1362 2724 d'ottobre
1382 2700 1506 2731 (Antiche
1530 2700 1660 2723 Cronaclze
1671 2699 1788 2723 veronesi
1796 2697 1886 2729 pubbl.
1900 2696 1973 2719 dalla

1076 2742 1174 2772 Deput.
1184 2744 1273 2764 veneta
1284 2742 1314 2765 di
1323 2742 1363 2766 St.
1374 2742 1461 2770 Patr„
1472 2743 1542 2765 serie
1554 2742 1601 2771 111,
1616 2741 1745 2764 Cronaclze
1753 2739 1845 2769 ecc.,1,
1854 2746 1900 2771 pp.
1911 2745 1974 2762 210-

1078 2789 1138 2807 212.
1151 2782 1241 2806 Silvio
1256 2783 1337 2807 Mitis
1349 2782 1396 2814 (op.
1409 2784 1467 2810 cit„
1483 2791 1508 2815 p.
1521 2782 1582 2813 256)
1598 2781 1730 2814 impugno
1741 2778 1886 2805 l’autorita
1901 2779 1974 2810 degli

1078 2824 1208 2849 Annali
1231 2825 1437 2848 Piacentini
1458 2833 1471 2848 e
1497 2826 1628 2849 sostenne
1642 2824 1692 2848 che
1712 2823 1843 2847 Ezzelino
1863 2820 1933 2845 mori
1953 2821 1975 2844 il

1079 2871 1111 2896 27
1132 2866 1161 2890 di
1181 2866 1339 2897 settembre,
1359 2873 1404 2890 ma
1420 2866 1437 2889 il
1451 2866 1560 2898 Cipolla
1574 2873 1608 2890 ne
1623 2866 1659 2890 ha
1679 2865 1817 2889 ribattuto
1836 2863 1875 2895 gli
1893 2871 1975 2895 argo-

1079 2909 1166 2932 menti
1179 2908 1209 2931 in
1220 2907 1392 2931 Iahresberict
1401 2908 1426 2931 d.
1440 2907 1666 2934 Gesalciclztswiss„
1680 2907 1755 2936 XIX,
1768 2906 1846 2938 parte
1861 2904 1908 2935 111,
1922 2912 1948 2936 p.
1960 2904 1976 2928 8

1079 2957 1093 2974 e
1105 2950 1316 2983 pubblicazioni
1335 2949 1404 2974 sulla
1417 2949 1506 2972 Storz'a
1520 2957 1589 2973 msc.
1603 2949 1727 2976 italiana,
1749 2948 1878 2977 Veneziza
1902 2948 1976 2979 1899.

1168 2990 1178 3006 ⁵
1199 2991 1352 3024 Adalgerio
1373 2991 1406 3015 de
1428 2991 1551 3015 villalta.
1573 2990 1668 3021 GAms,
1687 2993 1724 3022 op.
1746 2992 1802 3017 cit„
1822 2998 1848 3021 p.
1868 2989 1929 3020 776.

2041 1668 2117 1690 Mun..
2133 1667 2171 1686 330

2005 1908 2007 1910 η
2043 1884 2063 1900 c.
2080 1885 2106 1902 44
2117 1885 2131 1899 v

2003 2747 2038 2772 30

2005 2950 2036 2977 35
