<?xml version="1.0" encoding="UTF-8"?>
<!DOCTYPE html PUBLIC "-//W3C//DTD XHTML 1.0 Transitional//EN"
    "http://www.w3.org/TR/xhtml1/DTD/xhtml1-transitional.dtd">
<html xmlns="http://www.w3.org/1999/xhtml" xml:lang="en" lang="en">
 <head>
  <title>
</title>
<meta http-equiv="Content-Type" content="text/html;charset=utf-8" />
  <meta name='ocr-system' content='tesseract 3.04.00' />
  <meta name='ocr-capabilities' content='ocr_page ocr_carea ocr_par ocr_line ocrx_word'/>
</head>
<body>
  <div class='ocr_page' id='page_1' title='image "./p3f1rerumitalica15murauoft_0090.png"; bbox 0 0 2297 3476; ppageno 0'>
   <div class='ocr_carea' id='block_1_1' title="bbox 78 633 208 654">
    <p class='ocr_par' dir='ltr' id='par_1_1' title="bbox 78 633 208 654">
     <span class='ocr_line' id='line_1_1' title="bbox 78 633 208 654; baseline -0.015 -3"><span class='ocrx_word' id='word_1_1' title='bbox 78 633 152 654; x_wconf 56' lang='lat' dir='ltr'><strong>istun..</strong></span> <span class='ocrx_word' id='word_1_2' title='bbox 169 633 208 651; x_wconf 70' lang='lat'><strong>360</strong></span> 
     </span>
    </p>
   </div>
   <div class='ocr_carea' id='block_1_2' title="bbox 129 1424 215 1446">
    <p class='ocr_par' dir='ltr' id='par_1_2' title="bbox 129 1424 215 1446">
     <span class='ocr_line' id='line_1_2' title="bbox 129 1424 215 1446; baseline 0 -3"><span class='ocrx_word' id='word_1_3' title='bbox 129 1429 147 1444; x_wconf 81' lang='lat' dir='ltr'><strong>c.</strong></span> <span class='ocrx_word' id='word_1_4' title='bbox 164 1424 215 1446; x_wconf 70' lang='lat' dir='ltr'><strong>osv</strong></span> 
     </span>
    </p>
   </div>
   <div class='ocr_carea' id='block_1_3' title="bbox 290 170 2124 211">
    <p class='ocr_par' dir='ltr' id='par_1_3' title="bbox 290 170 2124 211">
     <span class='ocr_line' id='line_1_3' title="bbox 290 170 2124 211; baseline -0.003 -2"><span class='ocrx_word' id='word_1_5' title='bbox 290 175 335 209; x_wconf 77' lang='lat'><strong>68</strong></span> <span class='ocrx_word' id='word_1_6' title='bbox 919 171 1230 207; x_wconf 91' lang='lat' dir='ltr'>CHRONICON</span> <span class='ocrx_word' id='word_1_7' title='bbox 1257 170 1487 206; x_wconf 85' lang='lat' dir='ltr'><strong>ESTENSE</strong></span> <span class='ocrx_word' id='word_1_8' title='bbox 1825 176 1908 211; x_wconf 84' lang='grc' dir='ltr'><strong>[ΑΑ.</strong></span> <span class='ocrx_word' id='word_1_9' title='bbox 1930 177 2124 209; x_wconf 80' lang='lat'>1307-1308]</span> 
     </span>
    </p>
   </div>
   <div class='ocr_carea' id='block_1_4' title="bbox 285 299 2133 1348">
    <p class='ocr_par' dir='ltr' id='par_1_4' title="bbox 285 299 2133 1348">
     <span class='ocr_line' id='line_1_4' title="bbox 285 299 2125 346; baseline -0.003 -11"><span class='ocrx_word' id='word_1_10' title='bbox 285 304 508 346; x_wconf 85' lang='lat' dir='ltr'><strong>quantitatem</strong></span> <span class='ocrx_word' id='word_1_11' title='bbox 532 303 763 339; x_wconf 85' lang='lat' dir='ltr'><strong>denariorum,</strong></span> <span class='ocrx_word' id='word_1_12' title='bbox 789 312 873 343; x_wconf 90' lang='lat' dir='ltr'><strong>quos</strong></span> <span class='ocrx_word' id='word_1_13' title='bbox 897 301 946 333; x_wconf 89' lang='lat' dir='ltr'><strong>ibi</strong></span> <span class='ocrx_word' id='word_1_14' title='bbox 970 305 1235 342; x_wconf 83' lang='lat' dir='ltr'>apportaverant</span> <span class='ocrx_word' id='word_1_15' title='bbox 1258 310 1321 341; x_wconf 92' lang='lat' dir='ltr'><strong>pro</strong></span> <span class='ocrx_word' id='word_1_16' title='bbox 1353 299 1450 341; x_wconf 82' lang='lat' dir='ltr'>pagis</span> <span class='ocrx_word' id='word_1_17' title='bbox 1478 299 1792 340; x_wconf 85' lang='lat' dir='ltr'><strong>stipendiariorum,</strong></span> <span class='ocrx_word' id='word_1_18' title='bbox 1817 305 1851 331; x_wconf 85' lang='lat' dir='ltr'><strong>et</strong></span> <span class='ocrx_word' id='word_1_19' title='bbox 1874 310 1977 338; x_wconf 88' lang='lat' dir='ltr'><strong>arma,</strong></span> <span class='ocrx_word' id='word_1_20' title='bbox 2001 309 2125 331; x_wconf 90' lang='lat' dir='ltr'><strong>masse-</strong></span> 
     </span>
     <span class='ocr_line' id='line_1_5' title="bbox 287 351 2126 394; baseline -0.003 -6"><span class='ocrx_word' id='word_1_21' title='bbox 287 357 374 388; x_wconf 87' lang='lat' dir='ltr'><strong>rias¹</strong></span> <span class='ocrx_word' id='word_1_22' title='bbox 400 362 465 387; x_wconf 88' lang='lat' dir='ltr'><strong>etc.</strong></span> <span class='ocrx_word' id='word_1_23' title='bbox 510 356 674 387; x_wconf 83' lang='lat' dir='ltr'><strong>Dominus</strong></span> <span class='ocrx_word' id='word_1_24' title='bbox 697 355 853 386; x_wconf 88' lang='lat' dir='ltr'><strong>Marchio</strong></span> <span class='ocrx_word' id='word_1_25' title='bbox 877 353 1018 385; x_wconf 87' lang='lat' dir='ltr'><strong>veniens</strong></span> <span class='ocrx_word' id='word_1_26' title='bbox 1042 363 1145 394; x_wconf 88' lang='lat' dir='ltr'><strong>super</strong></span> <span class='ocrx_word' id='word_1_27' title='bbox 1176 358 1318 394; x_wconf 87' lang='lat' dir='ltr'><strong>pontem</strong></span> <span class='ocrx_word' id='word_1_28' title='bbox 1343 351 1538 390; x_wconf 84' lang='lat' dir='ltr'><strong>SeravaIlis,</strong></span> <span class='ocrx_word' id='word_1_29' title='bbox 1567 351 1623 393; x_wconf 89' lang='lat' dir='ltr'><strong>qui</strong></span> <span class='ocrx_word' id='word_1_30' title='bbox 1649 357 1721 383; x_wconf 90' lang='lat' dir='ltr'><strong>erat</strong></span> <span class='ocrx_word' id='word_1_31' title='bbox 1745 362 1847 393; x_wconf 87' lang='lat' dir='ltr'><strong>super</strong></span> <span class='ocrx_word' id='word_1_32' title='bbox 1869 351 2014 390; x_wconf 88' lang='lat' dir='ltr'><strong>Padum,</strong></span> <span class='ocrx_word' id='word_1_33' title='bbox 2039 352 2126 384; x_wconf 88' lang='lat' dir='ltr'><strong>vidit</strong></span> 
     </span>
     <span class='ocr_line' id='line_1_6' title="bbox 287 404 2124 451; baseline -0.002 -11"><span class='ocrx_word' id='word_1_34' title='bbox 287 415 392 440; x_wconf 88' lang='lat' dir='ltr'><strong>totum</strong></span> <span class='ocrx_word' id='word_1_35' title='bbox 415 408 587 451; x_wconf 86' lang='lat' dir='ltr'><strong>navigium</strong></span> <span class='ocrx_word' id='word_1_36' title='bbox 612 407 741 438; x_wconf 88' lang='lat' dir='ltr'><strong>domini</strong></span> <span class='ocrx_word' id='word_1_37' title='bbox 766 406 970 443; x_wconf 68' lang='lat' dir='ltr'><strong>Bocfflxelle,</strong></span> <span class='ocrx_word' id='word_1_38' title='bbox 995 405 1130 436; x_wconf 90' lang='lat' dir='ltr'><strong>scilicet</strong></span> <span class='ocrx_word' id='word_1_39' title='bbox 1154 415 1213 436; x_wconf 82' lang='lat' dir='ltr'><strong>sex</strong></span> <span class='ocrx_word' id='word_1_40' title='bbox 1237 414 1379 446; x_wconf 84' lang='lat' dir='ltr'><strong>magnas</strong></span> <span class='ocrx_word' id='word_1_41' title='bbox 1409 404 1536 447; x_wconf 80' lang='lat' dir='ltr'><strong>galeaS‚</strong></span> <span class='ocrx_word' id='word_1_42' title='bbox 1560 415 1665 435; x_wconf 87' lang='lat' dir='ltr'><strong>unum</strong></span> <span class='ocrx_word' id='word_1_43' title='bbox 1689 404 1870 435; x_wconf 79' lang='lat' dir='ltr'><strong>maximum</strong></span> <span class='ocrx_word' id='word_1_44' title='bbox 1896 405 2022 446; x_wconf 91' lang='lat' dir='ltr'><strong>lupum,</strong></span> <span class='ocrx_word' id='word_1_45' title='bbox 2049 415 2124 436; x_wconf 91' lang='lat' dir='ltr'><strong>cum</strong></span> 
     </span>
     <span class='ocr_line' id='line_1_7' title="bbox 287 457 2128 504; baseline -0.003 -11"><span class='ocrx_word' id='word_1_46' title='bbox 287 472 354 504; x_wconf 92' lang='lat' dir='ltr'><strong>quo</strong></span> <span class='ocrx_word' id='word_1_47' title='bbox 379 461 536 502; x_wconf 87' lang='lat' dir='ltr'><strong>capiebat</strong></span> <span class='ocrx_word' id='word_1_48' title='bbox 559 460 737 492; x_wconf 79' lang='lat' dir='ltr'><strong>fortilicias</strong></span> <span class='ocrx_word' id='word_1_49' title='bbox 762 459 892 491; x_wconf 90' lang='lat' dir='ltr'><strong>domini</strong></span> <span class='ocrx_word' id='word_1_50' title='bbox 923 458 1149 496; x_wconf 89' lang='lat' dir='ltr'><strong>Marchionis,</strong></span> <span class='ocrx_word' id='word_1_51' title='bbox 1173 468 1275 488; x_wconf 89' lang='lat' dir='ltr'><strong>unam</strong></span> <span class='ocrx_word' id='word_1_52' title='bbox 1310 457 1493 488; x_wconf 78' lang='lat' dir='ltr'><strong>maximam</strong></span> <span class='ocrx_word' id='word_1_53' title='bbox 1530 457 1644 488; x_wconf 87' lang='lat' dir='ltr'><strong>navim</strong></span> <span class='ocrx_word' id='word_1_54' title='bbox 1676 457 1888 489; x_wconf 86' lang='lat' dir='ltr'><strong>castellatam</strong></span> <span class='ocrx_word' id='word_1_55' title='bbox 1917 468 1993 489; x_wconf 91' lang='lat' dir='ltr'><strong>cum</strong></span> <span class='ocrx_word' id='word_1_56' title='bbox 2018 457 2128 489; x_wconf 89' lang='lat' dir='ltr'><strong>tribus</strong></span> 
     </span>
     <span class='ocr_line' id='line_1_8' title="bbox 287 509 2126 557; baseline -0.002 -12"><span class='ocrx_word' id='word_1_57' title='bbox 287 515 418 557; x_wconf 83' lang='lat' dir='ltr'><strong>magnis</strong></span> <span class='ocrx_word' id='word_1_58' title='bbox 440 513 638 546; x_wconf 76' lang='lat' dir='ltr'><strong>buttifredis</strong></span> <span class='ocrx_word' id='word_1_59' title='bbox 662 524 739 545; x_wconf 88' lang='lat' dir='ltr'><strong>cum</strong></span> <span class='ocrx_word' id='word_1_60' title='bbox 764 512 897 544; x_wconf 91' lang='lat' dir='ltr'><strong>duobus</strong></span> <span class='ocrx_word' id='word_1_61' title='bbox 920 511 1090 553; x_wconf 90' lang='lat' dir='ltr'><strong>pontibus,</strong></span> <span class='ocrx_word' id='word_1_62' title='bbox 1107 516 1141 542; x_wconf 89' lang='lat' dir='ltr'><strong>et</strong></span> <span class='ocrx_word' id='word_1_63' title='bbox 1157 510 1283 541; x_wconf 90' lang='lat' dir='ltr'><strong>multos</strong></span> <span class='ocrx_word' id='word_1_64' title='bbox 1307 509 1531 548; x_wconf 83' lang='lat' dir='ltr'><strong>molendinos,</strong></span> <span class='ocrx_word' id='word_1_65' title='bbox 1548 515 1581 541; x_wconf 91' lang='lat' dir='ltr'><strong>et</strong></span> <span class='ocrx_word' id='word_1_66' title='bbox 1605 515 1742 541; x_wconf 81' lang='lat' dir='ltr'><strong>catenas</strong></span> <span class='ocrx_word' id='word_1_67' title='bbox 1765 510 1906 549; x_wconf 73' lang='lat' dir='ltr'><strong>ferreas,</strong></span> <span class='ocrx_word' id='word_1_68' title='bbox 1931 521 1996 551; x_wconf 89' lang='lat' dir='ltr'><strong>que</strong></span> <span class='ocrx_word' id='word_1_69' title='bbox 2013 511 2126 542; x_wconf 90' lang='lat' dir='ltr'><strong>omnia</strong></span> 
     </span>
     <span class='ocr_line' id='line_1_9' title="bbox 286 562 2127 609; baseline -0.003 -10"><span class='ocrx_word' id='word_1_70' title='bbox 286 574 381 600; x_wconf 85' lang='lat' dir='ltr'><strong>erant</strong></span> <span class='ocrx_word' id='word_1_71' title='bbox 404 578 506 609; x_wconf 91' lang='lat' dir='ltr'><strong>super</strong></span> <span class='ocrx_word' id='word_1_72' title='bbox 528 565 659 598; x_wconf 89' lang='lat' dir='ltr'><strong>Padum</strong></span> <span class='ocrx_word' id='word_1_73' title='bbox 684 566 778 598; x_wconf 79' lang='lat' dir='ltr'><strong>iuxta</strong></span> <span class='ocrx_word' id='word_1_74' title='bbox 801 571 950 607; x_wconf 90' lang='lat' dir='ltr'><strong>pontem.</strong></span> <span class='ocrx_word' id='word_1_75' title='bbox 997 564 1163 595; x_wconf 85' lang='lat' dir='ltr'><strong>Dominus</strong></span> <span class='ocrx_word' id='word_1_76' title='bbox 1185 562 1344 594; x_wconf 87' lang='lat' dir='ltr'><strong>Marchio</strong></span> <span class='ocrx_word' id='word_1_77' title='bbox 1376 563 1461 593; x_wconf 81' lang='lat' dir='ltr'><strong>fecit</strong></span> <span class='ocrx_word' id='word_1_78' title='bbox 1491 562 1602 595; x_wconf 91' lang='lat' dir='ltr'><strong>incidi</strong></span> <span class='ocrx_word' id='word_1_79' title='bbox 1625 568 1764 604; x_wconf 90' lang='lat' dir='ltr'><strong>pontem</strong></span> <span class='ocrx_word' id='word_1_80' title='bbox 1795 573 1902 605; x_wconf 89' lang='lat' dir='ltr'><strong>usque</strong></span> <span class='ocrx_word' id='word_1_81' title='bbox 1929 564 1974 594; x_wconf 92' lang='lat' dir='ltr'><strong>ad</strong></span> <span class='ocrx_word' id='word_1_82' title='bbox 2004 574 2127 606; x_wconf 89' lang='lat' dir='ltr'><strong>aquam</strong></span> 
     </span>
     <span class='ocr_line' id='line_1_10' title="bbox 286 615 2127 662; baseline -0.004 -9"><span class='ocrx_word' id='word_1_83' title='bbox 286 627 319 653; x_wconf 87' lang='lat' dir='ltr'><strong>et</strong></span> <span class='ocrx_word' id='word_1_84' title='bbox 343 620 504 662; x_wconf 89' lang='lat' dir='ltr'><strong>derupari</strong></span> <span class='ocrx_word' id='word_1_85' title='bbox 529 626 688 657; x_wconf 79' lang='lat' dir='ltr'><strong>castrum,</strong></span> <span class='ocrx_word' id='word_1_86' title='bbox 712 625 820 650; x_wconf 91' lang='lat' dir='ltr'><strong>turres</strong></span> <span class='ocrx_word' id='word_1_87' title='bbox 845 624 877 649; x_wconf 91' lang='lat' dir='ltr'><strong>et</strong></span> <span class='ocrx_word' id='word_1_88' title='bbox 900 616 1101 655; x_wconf 81' lang='lat' dir='ltr'><strong>fortilicias,&#39;</strong></span> <span class='ocrx_word' id='word_1_89' title='bbox 1126 627 1192 658; x_wconf 90' lang='lat' dir='ltr'><strong>que</strong></span> <span class='ocrx_word' id='word_1_90' title='bbox 1223 615 1270 647; x_wconf 92' lang='lat' dir='ltr'><strong>ibi</strong></span> <span class='ocrx_word' id='word_1_91' title='bbox 1303 621 1401 647; x_wconf 86' lang='lat' dir='ltr'><strong>erant</strong></span> <span class='ocrx_word' id='word_1_92' title='bbox 1428 621 1462 647; x_wconf 87' lang='lat' dir='ltr'><strong>et</strong></span> <span class='ocrx_word' id='word_1_93' title='bbox 1485 615 1659 647; x_wconf 87' lang='lat' dir='ltr'><strong>comburri</strong></span> <span class='ocrx_word' id='word_1_94' title='bbox 1683 621 1810 647; x_wconf 90' lang='lat' dir='ltr'><strong>terram</strong></span> <span class='ocrx_word' id='word_1_95' title='bbox 1834 615 2020 648; x_wconf 86' lang='lat' dir='ltr'><strong>Seravallis</strong></span> <span class='ocrx_word' id='word_1_96' title='bbox 2051 627 2127 647; x_wconf 88' lang='lat' dir='ltr'><strong>curn</strong></span> 
     </span>
     <span class='ocr_line' id='line_1_11' title="bbox 288 668 2128 712; baseline -0.003 -7"><span class='ocrx_word' id='word_1_97' title='bbox 288 679 359 705; x_wconf 83' lang='lat' dir='ltr'><strong>tota</strong></span> <span class='ocrx_word' id='word_1_98' title='bbox 382 679 553 710; x_wconf 84' lang='lat' dir='ltr'><strong>contrata3</strong></span> <span class='ocrx_word' id='word_1_99' title='bbox 579 678 613 704; x_wconf 89' lang='lat' dir='ltr'><strong>et</strong></span> <span class='ocrx_word' id='word_1_100' title='bbox 637 671 776 704; x_wconf 84' lang='lat' dir='ltr'><strong>volebat</strong></span> <span class='ocrx_word' id='word_1_101' title='bbox 799 671 936 703; x_wconf 90' lang='lat' dir='ltr'><strong>omnino</strong></span> <span class='ocrx_word' id='word_1_102' title='bbox 952 671 1002 702; x_wconf 88' lang='lat' dir='ltr'><strong>ire</strong></span> <span class='ocrx_word' id='word_1_103' title='bbox 1020 680 1126 712; x_wconf 89' lang='lat' dir='ltr'><strong>usque</strong></span> <span class='ocrx_word' id='word_1_104' title='bbox 1150 668 1340 706; x_wconf 83' lang='lat' dir='ltr'><strong>Mantuam,</strong></span> <span class='ocrx_word' id='word_1_105' title='bbox 1357 668 1424 699; x_wconf 88' lang='lat' dir='ltr'><strong>nisi</strong></span> <span class='ocrx_word' id='word_1_106' title='bbox 1443 669 1625 700; x_wconf 88' lang='lat' dir='ltr'><strong>consilium</strong></span> <span class='ocrx_word' id='word_1_107' title='bbox 1642 679 1739 700; x_wconf 91' lang='lat' dir='ltr'><strong>suum</strong></span> <span class='ocrx_word' id='word_1_108' title='bbox 1755 678 1823 700; x_wconf 92' lang='lat' dir='ltr'><strong>non</strong></span> <span class='ocrx_word' id='word_1_109' title='bbox 1847 669 2030 707; x_wconf 86' lang='lat' dir='ltr'><strong>consensit,</strong></span> <span class='ocrx_word' id='word_1_110' title='bbox 2049 669 2128 710; x_wconf 83' lang='lat' dir='ltr'><strong>quia</strong></span> 
     </span>
     <span class='ocr_line' id='line_1_12' title="bbox 286 721 2131 763; baseline -0.003 -5"><span class='ocrx_word' id='word_1_111' title='bbox 286 737 354 758; x_wconf 91' lang='lat' dir='ltr'><strong>non</strong></span> <span class='ocrx_word' id='word_1_112' title='bbox 377 727 464 758; x_wconf 88' lang='lat' dir='ltr'><strong>bene</strong></span> <span class='ocrx_word' id='word_1_113' title='bbox 489 736 590 757; x_wconf 87' lang='lat' dir='ltr'><strong>sanus</strong></span> <span class='ocrx_word' id='word_1_114' title='bbox 607 730 689 756; x_wconf 86' lang='lat' dir='ltr'><strong>erat.</strong></span> <span class='ocrx_word' id='word_1_115' title='bbox 735 725 836 755; x_wconf 87' lang='lat' dir='ltr'><strong>Tunc</strong></span> <span class='ocrx_word' id='word_1_116' title='bbox 861 723 1017 756; x_wconf 88' lang='lat' dir='ltr'><strong>dominus</strong></span> <span class='ocrx_word' id='word_1_117' title='bbox 1040 721 1200 754; x_wconf 87' lang='lat' dir='ltr'><strong>Marchio</strong></span> <span class='ocrx_word' id='word_1_118' title='bbox 1219 731 1295 752; x_wconf 91' lang='lat' dir='ltr'><strong>cum</strong></span> <span class='ocrx_word' id='word_1_119' title='bbox 1312 721 1381 752; x_wconf 88' lang='lat' dir='ltr'><strong>suis</strong></span> <span class='ocrx_word' id='word_1_120' title='bbox 1397 722 1526 753; x_wconf 87' lang='lat' dir='ltr'><strong>reversi</strong></span> <span class='ocrx_word' id='word_1_121' title='bbox 1549 727 1627 752; x_wconf 86' lang='lat' dir='ltr'><strong>sunt</strong></span> <span class='ocrx_word' id='word_1_122' title='bbox 1642 721 1688 753; x_wconf 90' lang='lat' dir='ltr'><strong>ad</strong></span> <span class='ocrx_word' id='word_1_123' title='bbox 1704 731 1863 763; x_wconf 90' lang='lat' dir='ltr'><strong>campum</strong></span> <span class='ocrx_word' id='word_1_124' title='bbox 1887 722 2035 763; x_wconf 90' lang='lat' dir='ltr'><strong>primum</strong></span> <span class='ocrx_word' id='word_1_125' title='bbox 2051 721 2131 753; x_wconf 94' lang='lat' dir='ltr'><strong>Pol-</strong></span> 
     </span>
     <span class='ocr_line' id='line_1_13' title="bbox 286 773 2129 818; baseline -0.003 -8"><span class='ocrx_word' id='word_1_126' title='bbox 286 779 396 816; x_wconf 81' lang='lat' dir='ltr'><strong>licini3</strong></span> <span class='ocrx_word' id='word_1_127' title='bbox 422 784 534 810; x_wconf 86' lang='lat' dir='ltr'><strong>tamen</strong></span> <span class='ocrx_word' id='word_1_128' title='bbox 558 778 716 810; x_wconf 87' lang='lat' dir='ltr'><strong>dominus</strong></span> <span class='ocrx_word' id='word_1_129' title='bbox 738 777 897 809; x_wconf 89' lang='lat' dir='ltr'><strong>Marchio</strong></span> <span class='ocrx_word' id='word_1_130' title='bbox 922 776 1077 818; x_wconf 84' lang='lat' dir='ltr'><strong>cogitans</strong></span> <span class='ocrx_word' id='word_1_131' title='bbox 1092 774 1181 806; x_wconf 89' lang='lat' dir='ltr'><strong>velle</strong></span> <span class='ocrx_word' id='word_1_132' title='bbox 1205 779 1335 805; x_wconf 84' lang='lat' dir='ltr'><strong>tant-um</strong></span> <span class='ocrx_word' id='word_1_133' title='bbox 1351 773 1401 804; x_wconf 90' lang='lat' dir='ltr'><strong>ire</strong></span> <span class='ocrx_word' id='word_1_134' title='bbox 1418 784 1535 805; x_wconf 84' lang='lat' dir='ltr'><strong>versus</strong></span> <span class='ocrx_word' id='word_1_135' title='bbox 1551 773 1739 805; x_wconf 84' lang='lat' dir='ltr'><strong>Mantuam.</strong></span> <span class='ocrx_word' id='word_1_136' title='bbox 1769 774 1909 806; x_wconf 86' lang='lat' dir='ltr'><strong>Interim</strong></span> <span class='ocrx_word' id='word_1_137' title='bbox 1925 784 2042 805; x_wconf 85' lang='lat' dir='ltr'><strong>rumor</strong></span> <span class='ocrx_word' id='word_1_138' title='bbox 2058 785 2129 805; x_wconf 85' lang='lat' dir='ltr'><strong>ma-</strong></span> 
     </span>
     <span class='ocr_line' id='line_1_14' title="bbox 287 826 2131 874; baseline -0.003 -11"><span class='ocrx_word' id='word_1_139' title='bbox 287 832 398 863; x_wconf 79' lang='lat' dir='ltr'><strong>ximus</strong></span> <span class='ocrx_word' id='word_1_140' title='bbox 421 832 528 874; x_wconf 83' lang='lat' dir='ltr'><strong>surgit</strong></span> <span class='ocrx_word' id='word_1_141' title='bbox 550 832 585 862; x_wconf 89' lang='lat' dir='ltr'><strong>in</strong></span> <span class='ocrx_word' id='word_1_142' title='bbox 609 831 703 863; x_wconf 90' lang='lat' dir='ltr'><strong>dicto</strong></span> <span class='ocrx_word' id='word_1_143' title='bbox 729 839 851 872; x_wconf 89' lang='lat' dir='ltr'><strong>campo</strong></span> <span class='ocrx_word' id='word_1_144' title='bbox 874 830 962 861; x_wconf 86' lang='lat' dir='ltr'><strong>inter</strong></span> <span class='ocrx_word' id='word_1_145' title='bbox 986 828 1167 860; x_wconf 83' lang='lat' dir='ltr'><strong>Catelanos</strong></span> <span class='ocrx_word' id='word_1_146' title='bbox 1185 832 1218 859; x_wconf 89' lang='lat' dir='ltr'><strong>et</strong></span> <span class='ocrx_word' id='word_1_147' title='bbox 1240 827 1454 858; x_wconf 78' lang='lat' dir='ltr'><strong>Malvaxium</strong></span> <span class='ocrx_word' id='word_1_148' title='bbox 1479 827 1522 858; x_wconf 90' lang='lat' dir='ltr'><strong>de</strong></span> <span class='ocrx_word' id='word_1_149' title='bbox 1546 827 1702 865; x_wconf 85' lang='lat' dir='ltr'><strong>Melaria‚</strong></span> <span class='ocrx_word' id='word_1_150' title='bbox 1727 826 1774 858; x_wconf 88' lang='lat' dir='ltr'><strong>ita</strong></span> <span class='ocrx_word' id='word_1_151' title='bbox 1797 827 1890 869; x_wconf 90' lang='lat' dir='ltr'><strong>quod</strong></span> <span class='ocrx_word' id='word_1_152' title='bbox 1913 827 1940 858; x_wconf 89' lang='lat' dir='ltr'><strong>si</strong></span> <span class='ocrx_word' id='word_1_153' title='bbox 1972 827 2131 859; x_wconf 84' lang='lat' dir='ltr'><strong>dominus</strong></span> 
     </span>
     <span class='ocr_line' id='line_1_15' title="bbox 285 878 2131 924; baseline -0.003 -8"><span class='ocrx_word' id='word_1_154' title='bbox 285 885 443 916; x_wconf 86' lang='lat' dir='ltr'><strong>Marchio</strong></span> <span class='ocrx_word' id='word_1_155' title='bbox 467 885 574 916; x_wconf 90' lang='lat' dir='ltr'><strong>voluit</strong></span> <span class='ocrx_word' id='word_1_156' title='bbox 599 883 816 924; x_wconf 88' lang='lat' dir='ltr'><strong>contenptari</strong></span> <span class='ocrx_word' id='word_1_157' title='bbox 842 882 1019 915; x_wconf 90' lang='lat' dir='ltr'><strong>dominum</strong></span> <span class='ocrx_word' id='word_1_158' title='bbox 1042 880 1295 912; x_wconf 84' lang='lat' dir='ltr'><strong>Marescalcum</strong></span> <span class='ocrx_word' id='word_1_159' title='bbox 1321 889 1397 910; x_wconf 86' lang='lat' dir='ltr'><strong>cum</strong></span> <span class='ocrx_word' id='word_1_160' title='bbox 1421 879 1490 909; x_wconf 82' lang='lat' dir='ltr'><strong>suis</strong></span> <span class='ocrx_word' id='word_1_161' title='bbox 1514 879 1696 917; x_wconf 86' lang='lat' dir='ltr'><strong>Catelanis,</strong></span> <span class='ocrx_word' id='word_1_162' title='bbox 1718 879 1803 911; x_wconf 79' lang='lat' dir='ltr'><strong>fecit</strong></span> <span class='ocrx_word' id='word_1_163' title='bbox 1827 880 1994 921; x_wconf 88' lang='lat' dir='ltr'><strong>amputari</strong></span> <span class='ocrx_word' id='word_1_164' title='bbox 2018 878 2131 921; x_wconf 90' lang='lat' dir='ltr'><strong>capud</strong></span> 
     </span>
     <span class='ocr_line' id='line_1_16' title="bbox 286 932 2132 971; baseline -0.003 -2"><span class='ocrx_word' id='word_1_165' title='bbox 286 937 378 969; x_wconf 90' lang='lat' dir='ltr'><strong>dicto</strong></span> <span class='ocrx_word' id='word_1_166' title='bbox 401 937 596 968; x_wconf 81' lang='lat' dir='ltr'><strong>Malvaxio:</strong></span> <span class='ocrx_word' id='word_1_167' title='bbox 622 936 864 968; x_wconf 79' lang='lat' dir='ltr'><strong>nichilominus</strong></span> <span class='ocrx_word' id='word_1_168' title='bbox 888 935 1047 966; x_wconf 88' lang='lat' dir='ltr'><strong>dominus</strong></span> <span class='ocrx_word' id='word_1_169' title='bbox 1070 932 1230 965; x_wconf 76' lang='lat' dir='ltr'><strong>Mal-chio</strong></span> <span class='ocrx_word' id='word_1_170' title='bbox 1247 933 1368 964; x_wconf 89' lang='lat' dir='ltr'><strong>timens</strong></span> <span class='ocrx_word' id='word_1_171' title='bbox 1392 932 1435 963; x_wconf 92' lang='lat' dir='ltr'><strong>de</strong></span> <span class='ocrx_word' id='word_1_172' title='bbox 1459 932 1644 971; x_wconf 86' lang='lat' dir='ltr'><strong>Catelanis‚</strong></span> <span class='ocrx_word' id='word_1_173' title='bbox 1669 933 1809 964; x_wconf 84' lang='lat' dir='ltr'><strong>recessit</strong></span> <span class='ocrx_word' id='word_1_174' title='bbox 1831 943 1910 964; x_wconf 90' lang='lat' dir='ltr'><strong>cum</strong></span> <span class='ocrx_word' id='word_1_175' title='bbox 1931 937 2004 964; x_wconf 85' lang='lat' dir='ltr'><strong>toto</strong></span> <span class='ocrx_word' id='word_1_176' title='bbox 2034 943 2132 964; x_wconf 87' lang='lat' dir='ltr'><strong>exer-</strong></span> 
     </span>
     <span class='ocr_line' id='line_1_17' title="bbox 287 984 2131 1031; baseline -0.004 -9"><span class='ocrx_word' id='word_1_177' title='bbox 287 991 357 1022; x_wconf 87' lang='lat' dir='ltr'><strong>citu</strong></span> <span class='ocrx_word' id='word_1_178' title='bbox 381 989 572 1022; x_wconf 80' lang='lat' dir='ltr'><strong>Ferrariam</strong></span> <span class='ocrx_word' id='word_1_179' title='bbox 598 994 631 1020; x_wconf 91' lang='lat' dir='ltr'><strong>et</strong></span> <span class='ocrx_word' id='word_1_180' title='bbox 654 988 792 1031; x_wconf 82' lang='lat' dir='ltr'><strong>navigio</strong></span> <span class='ocrx_word' id='word_1_181' title='bbox 801 1000 809 1025; x_wconf 82' lang='lat'><em>3</em></span> <span class='ocrx_word' id='word_1_182' title='bbox 835 994 869 1019; x_wconf 90' lang='lat' dir='ltr'><strong>et</strong></span> <span class='ocrx_word' id='word_1_183' title='bbox 893 987 1131 1019; x_wconf 79' lang='lat' dir='ltr'><strong>conduxerunt</strong></span> <span class='ocrx_word' id='word_1_184' title='bbox 1154 985 1349 1018; x_wconf 78' lang='lat' dir='ltr'><strong>Ferrariam</strong></span> <span class='ocrx_word' id='word_1_185' title='bbox 1373 994 1491 1016; x_wconf 89' lang='lat' dir='ltr'><strong>omnes</strong></span> <span class='ocrx_word' id='word_1_186' title='bbox 1523 985 1705 1016; x_wconf 82' lang='lat' dir='ltr'><strong>banderias</strong></span> <span class='ocrx_word' id='word_1_187' title='bbox 1736 985 1951 1016; x_wconf 89' lang='lat' dir='ltr'><strong>inimicorum</strong></span> <span class='ocrx_word' id='word_1_188' title='bbox 1975 991 2009 1016; x_wconf 90' lang='lat' dir='ltr'><strong>et</strong></span> <span class='ocrx_word' id='word_1_189' title='bbox 2033 984 2131 1016; x_wconf 85' lang='lat' dir='ltr'><strong>obtu-</strong></span> 
     </span>
     <span class='ocr_line' id='line_1_18' title="bbox 288 1036 2130 1083; baseline -0.003 -9"><span class='ocrx_word' id='word_1_190' title='bbox 288 1043 402 1074; x_wconf 90' lang='lat' dir='ltr'><strong>lerunt</strong></span> <span class='ocrx_word' id='word_1_191' title='bbox 431 1052 488 1074; x_wconf 87' lang='lat' dir='ltr'><strong>eas</strong></span> <span class='ocrx_word' id='word_1_192' title='bbox 520 1041 734 1083; x_wconf 87' lang='lat' dir='ltr'><strong>episcopatui</strong></span> <span class='ocrx_word' id='word_1_193' title='bbox 759 1041 898 1073; x_wconf 83' lang='lat' dir='ltr'><strong>Ferarie</strong></span> <span class='ocrx_word' id='word_1_194' title='bbox 923 1039 1043 1071; x_wconf 84' lang='lat' dir='ltr'><strong>Sancti</strong></span> <span class='ocrx_word' id='word_1_195' title='bbox 1080 1038 1221 1081; x_wconf 76' lang='lat' dir='ltr'><strong>Georgii</strong></span> <span class='ocrx_word' id='word_1_196' title='bbox 1231 1051 1239 1075; x_wconf 91' lang='lat'>;</span> <span class='ocrx_word' id='word_1_197' title='bbox 1266 1044 1298 1069; x_wconf 88' lang='lat' dir='ltr'><strong>et</strong></span> <span class='ocrx_word' id='word_1_198' title='bbox 1322 1037 1506 1069; x_wconf 74' lang='lat' dir='ltr'><strong>maximum</strong></span> <span class='ocrx_word' id='word_1_199' title='bbox 1537 1037 1700 1079; x_wconf 83' lang='lat' dir='ltr'><strong>gaudium</strong></span> <span class='ocrx_word' id='word_1_200' title='bbox 1728 1048 1791 1079; x_wconf 88' lang='lat' dir='ltr'><strong>per</strong></span> <span class='ocrx_word' id='word_1_201' title='bbox 1821 1043 1928 1069; x_wconf 87' lang='lat' dir='ltr'><strong>totam</strong></span> <span class='ocrx_word' id='word_1_202' title='bbox 1958 1036 2130 1069; x_wconf 88' lang='lat' dir='ltr'><strong>civitatem</strong></span> 
     </span>
     <span class='ocr_line' id='line_1_19' title="bbox 288 1090 2132 1137; baseline -0.003 -10"><span class='ocrx_word' id='word_1_203' title='bbox 288 1096 419 1127; x_wconf 75' lang='lat' dir='ltr'><strong>factum</strong></span> <span class='ocrx_word' id='word_1_204' title='bbox 442 1100 503 1133; x_wconf 88' lang='lat' dir='ltr'><strong>est,</strong></span> <span class='ocrx_word' id='word_1_205' title='bbox 529 1094 609 1137; x_wconf 85' lang='lat' dir='ltr'><strong>quia</strong></span> <span class='ocrx_word' id='word_1_206' title='bbox 631 1104 750 1126; x_wconf 90' lang='lat' dir='ltr'><strong>omnes</strong></span> <span class='ocrx_word' id='word_1_207' title='bbox 774 1093 950 1125; x_wconf 82' lang='lat' dir='ltr'><strong>redierunt</strong></span> <span class='ocrx_word' id='word_1_208' title='bbox 973 1092 1170 1125; x_wconf 87' lang='lat' dir='ltr'><strong>divitiarum</strong></span> <span class='ocrx_word' id='word_1_209' title='bbox 1194 1091 1287 1133; x_wconf 82' lang='lat' dir='ltr'><strong>pleni</strong></span> <span class='ocrx_word' id='word_1_210' title='bbox 1313 1101 1390 1122; x_wconf 88' lang='lat' dir='ltr'><strong>cum</strong></span> <span class='ocrx_word' id='word_1_211' title='bbox 1421 1090 1589 1129; x_wconf 86' lang='lat' dir='ltr'><strong>omnibus,</strong></span> <span class='ocrx_word' id='word_1_212' title='bbox 1614 1100 1680 1133; x_wconf 91' lang='lat' dir='ltr'><strong>que</strong></span> <span class='ocrx_word' id='word_1_213' title='bbox 1712 1090 1943 1123; x_wconf 85' lang='lat' dir='ltr'><strong>derobaverat</strong></span> <span class='ocrx_word' id='word_1_214' title='bbox 1973 1090 2132 1123; x_wconf 89' lang='lat' dir='ltr'><strong>dominus</strong></span> 
     </span>
     <span class='ocr_line' id='line_1_20' title="bbox 288 1143 2130 1190; baseline -0.003 -10"><span class='ocrx_word' id='word_1_215' title='bbox 288 1149 472 1181; x_wconf 82' lang='lat' dir='ltr'><strong>Bottixella</strong></span> <span class='ocrx_word' id='word_1_216' title='bbox 495 1158 597 1190; x_wconf 90' lang='lat' dir='ltr'><strong>super</strong></span> <span class='ocrx_word' id='word_1_217' title='bbox 621 1147 812 1179; x_wconf 89' lang='lat' dir='ltr'><strong>districtum</strong></span> <span class='ocrx_word' id='word_1_218' title='bbox 838 1147 1017 1179; x_wconf 90' lang='lat' dir='ltr'><strong>Cremone.</strong></span> <span class='ocrx_word' id='word_1_219' title='bbox 1057 1145 1165 1176; x_wconf 83' lang='lat' dir='ltr'><strong>Erant</strong></span> <span class='ocrx_word' id='word_1_220' title='bbox 1188 1145 1223 1176; x_wconf 92' lang='lat' dir='ltr'><strong>in</strong></span> <span class='ocrx_word' id='word_1_221' title='bbox 1247 1143 1392 1176; x_wconf 85' lang='lat' dir='ltr'><strong>navibus</strong></span> <span class='ocrx_word' id='word_1_222' title='bbox 1416 1143 1484 1175; x_wconf 91' lang='lat' dir='ltr'><strong>illis</strong></span> <span class='ocrx_word' id='word_1_223' title='bbox 1509 1144 1666 1176; x_wconf 87' lang='lat' dir='ltr'><strong>dominus</strong></span> <span class='ocrx_word' id='word_1_224' title='bbox 1687 1143 1921 1175; x_wconf 88' lang='lat' dir='ltr'><strong>Marescalcus</strong></span> <span class='ocrx_word' id='word_1_225' title='bbox 1945 1154 2022 1175; x_wconf 91' lang='lat' dir='ltr'><strong>cum</strong></span> <span class='ocrx_word' id='word_1_226' title='bbox 2045 1143 2130 1181; x_wconf 81' lang='lat' dir='ltr'><strong>suis:</strong></span> 
     </span>
     <span class='ocr_line' id='line_1_21' title="bbox 285 1197 2133 1243; baseline -0.003 -10"><span class='ocrx_word' id='word_1_227' title='bbox 285 1208 362 1243; x_wconf 89' lang='lat' dir='ltr'><strong>post</strong></span> <span class='ocrx_word' id='word_1_228' title='bbox 385 1201 516 1243; x_wconf 89' lang='lat' dir='ltr'><strong>aliquot</strong></span> <span class='ocrx_word' id='word_1_229' title='bbox 540 1201 614 1232; x_wconf 89' lang='lat' dir='ltr'><strong>dies</strong></span> <span class='ocrx_word' id='word_1_230' title='bbox 637 1205 852 1232; x_wconf 87' lang='lat' dir='ltr'><strong>recesserunt</strong></span> <span class='ocrx_word' id='word_1_231' title='bbox 874 1199 1076 1236; x_wconf 89' lang='lat' dir='ltr'><strong>Bononiam,</strong></span> <span class='ocrx_word' id='word_1_232' title='bbox 1102 1197 1163 1240; x_wconf 90' lang='lat' dir='ltr'><strong>qui</strong></span> <span class='ocrx_word' id='word_1_233' title='bbox 1184 1197 1417 1229; x_wconf 88' lang='lat' dir='ltr'><strong>Marescalcus</strong></span> <span class='ocrx_word' id='word_1_234' title='bbox 1453 1202 1530 1238; x_wconf 86' lang='lat' dir='ltr'><strong>post</strong></span> <span class='ocrx_word' id='word_1_235' title='bbox 1561 1206 1630 1227; x_wconf 88' lang='lat' dir='ltr'><strong>non</strong></span> <span class='ocrx_word' id='word_1_236' title='bbox 1660 1197 1797 1239; x_wconf 82' lang='lat' dir='ltr'><strong>longum</strong></span> <span class='ocrx_word' id='word_1_237' title='bbox 1823 1203 1958 1238; x_wconf 88' lang='lat' dir='ltr'><strong>tempus</strong></span> <span class='ocrx_word' id='word_1_238' title='bbox 1991 1202 2133 1228; x_wconf 83' lang='lat' dir='ltr'><strong>vocatus</strong></span> 
     </span>
     <span class='ocr_line' id='line_1_22' title="bbox 288 1248 2131 1296; baseline -0.003 -10"><span class='ocrx_word' id='word_1_239' title='bbox 288 1255 352 1285; x_wconf 77' lang='lat' dir='ltr'><strong>fuit</strong></span> <span class='ocrx_word' id='word_1_240' title='bbox 377 1264 492 1286; x_wconf 89' lang='lat' dir='ltr'><strong>comes</strong></span> <span class='ocrx_word' id='word_1_241' title='bbox 516 1253 747 1296; x_wconf 84' lang='lat' dir='ltr'><strong>camarlingus</strong></span> <span class='ocrx_word' id='word_1_242' title='bbox 771 1258 805 1284; x_wconf 91' lang='lat' dir='ltr'><strong>et</strong></span> <span class='ocrx_word' id='word_1_243' title='bbox 828 1257 905 1294; x_wconf 91' lang='lat' dir='ltr'><strong>post</strong></span> <span class='ocrx_word' id='word_1_244' title='bbox 928 1257 1072 1283; x_wconf 90' lang='lat' dir='ltr'><strong>mortem</strong></span> <span class='ocrx_word' id='word_1_245' title='bbox 1097 1250 1181 1282; x_wconf 88' lang='lat' dir='ltr'><strong>dicti</strong></span> <span class='ocrx_word' id='word_1_246' title='bbox 1204 1250 1335 1282; x_wconf 91' lang='lat' dir='ltr'><strong>domini</strong></span> <span class='ocrx_word' id='word_1_247' title='bbox 1367 1248 1583 1281; x_wconf 86' lang='lat' dir='ltr'><strong>Marchionis</strong></span> <span class='ocrx_word' id='word_1_248' title='bbox 1610 1249 1760 1281; x_wconf 89' lang='lat' dir='ltr'><strong>vicarius</strong></span> <span class='ocrx_word' id='word_1_249' title='bbox 1793 1256 1827 1281; x_wconf 89' lang='lat' dir='ltr'><strong>et</strong></span> <span class='ocrx_word' id='word_1_250' title='bbox 1859 1250 2015 1280; x_wconf 89' lang='lat' dir='ltr'><strong>dominus</strong></span> <span class='ocrx_word' id='word_1_251' title='bbox 2039 1249 2131 1280; x_wconf 91' lang='lat' dir='ltr'><strong>dicte</strong></span> 
     </span>
     <span class='ocr_line' id='line_1_23' title="bbox 289 1304 1142 1348; baseline -0.005 -9"><span class='ocrx_word' id='word_1_252' title='bbox 289 1307 437 1339; x_wconf 88' lang='lat' dir='ltr'><strong>civitatis</strong></span> <span class='ocrx_word' id='word_1_253' title='bbox 460 1306 615 1338; x_wconf 89' lang='lat' dir='ltr'><strong>Ferrarie</strong></span> <span class='ocrx_word' id='word_1_254' title='bbox 639 1316 701 1347; x_wconf 88' lang='lat' dir='ltr'><strong>per</strong></span> <span class='ocrx_word' id='word_1_255' title='bbox 718 1315 833 1348; x_wconf 87' lang='lat' dir='ltr'><strong>regem</strong></span> <span class='ocrx_word' id='word_1_256' title='bbox 858 1304 1052 1336; x_wconf 85' lang='lat' dir='ltr'><strong>Robertum</strong></span> <span class='ocrx_word' id='word_1_257' title='bbox 1077 1310 1142 1335; x_wconf 85' lang='lat' dir='ltr'><strong>etc.</strong></span> 
     </span>
    </p>
   </div>
   <div class='ocr_carea' id='block_1_5' title="bbox 1093 1409 1328 1452">
    <p class='ocr_par' dir='ltr' id='par_1_5' title="bbox 1093 1409 1328 1452">
     <span class='ocr_line' id='line_1_24' title="bbox 1093 1409 1328 1452; baseline -0.009 -9"><span class='ocrx_word' id='word_1_258' title='bbox 1093 1409 1328 1452; x_wconf 70' lang='lat' dir='ltr'>MCCCVHJ:</span> 
     </span>
    </p>
   </div>
   <div class='ocr_carea' id='block_1_6' title="bbox 289 1488 2138 2223">
    <p class='ocr_par' dir='ltr' id='par_1_6' title="bbox 289 1488 2138 2223">
     <span class='ocr_line' id='line_1_25' title="bbox 378 1488 2134 1535; baseline -0.002 -11"><span class='ocrx_word' id='word_1_259' title='bbox 378 1493 429 1524; x_wconf 89' lang='lat' dir='ltr'><strong>De</strong></span> <span class='ocrx_word' id='word_1_260' title='bbox 465 1503 581 1524; x_wconf 90' lang='lat' dir='ltr'><strong>mense</strong></span> <span class='ocrx_word' id='word_1_261' title='bbox 616 1492 773 1535; x_wconf 74' lang='lat' dir='ltr'><strong>januarii.</strong></span> <span class='ocrx_word' id='word_1_262' title='bbox 809 1491 954 1522; x_wconf 88' lang='lat' dir='ltr'><strong>Illustris</strong></span> <span class='ocrx_word' id='word_1_263' title='bbox 991 1496 1023 1522; x_wconf 94' lang='lat' dir='ltr'><strong>et</strong></span> <span class='ocrx_word' id='word_1_264' title='bbox 1060 1490 1259 1533; x_wconf 80' lang='lat' dir='ltr'><strong>magnificus</strong></span> <span class='ocrx_word' id='word_1_265' title='bbox 1286 1489 1445 1521; x_wconf 84' lang='lat' dir='ltr'><strong>dominus</strong></span> <span class='ocrx_word' id='word_1_266' title='bbox 1478 1489 1635 1521; x_wconf 88' lang='lat' dir='ltr'><strong>dominus</strong></span> <span class='ocrx_word' id='word_1_267' title='bbox 1670 1488 1767 1532; x_wconf 75' lang='lat' dir='ltr'><strong>Acco</strong></span> <span class='ocrx_word' id='word_1_268' title='bbox 1802 1489 1956 1521; x_wconf 90' lang='lat' dir='ltr'><strong>marchio</strong></span> <span class='ocrx_word' id='word_1_269' title='bbox 1991 1488 2134 1520; x_wconf 90' lang='lat' dir='ltr'><strong>estensis</strong></span> 
     </span>
     <span class='ocr_line' id='line_1_26' title="bbox 290 1542 2134 1588; baseline -0.003 -11"><span class='ocrx_word' id='word_1_270' title='bbox 290 1552 355 1577; x_wconf 91' lang='lat' dir='ltr'><strong>etc.</strong></span> <span class='ocrx_word' id='word_1_271' title='bbox 379 1556 498 1587; x_wconf 85' lang='lat' dir='ltr'><strong>passus</strong></span> <span class='ocrx_word' id='word_1_272' title='bbox 522 1551 572 1577; x_wconf 90' lang='lat' dir='ltr'><strong>est</strong></span> <span class='ocrx_word' id='word_1_273' title='bbox 596 1555 752 1588; x_wconf 84' lang='lat' dir='ltr'><strong>magnam</strong></span> <span class='ocrx_word' id='word_1_274' title='bbox 777 1544 1022 1580; x_wconf 80' lang='lat' dir='ltr'><strong>infirmitatem3</strong></span> <span class='ocrx_word' id='word_1_275' title='bbox 1048 1552 1155 1585; x_wconf 85' lang='lat' dir='ltr'><strong>quare</strong></span> <span class='ocrx_word' id='word_1_276' title='bbox 1179 1542 1308 1574; x_wconf 90' lang='lat' dir='ltr'><strong>medici</strong></span> <span class='ocrx_word' id='word_1_277' title='bbox 1334 1543 1556 1574; x_wconf 86' lang='lat' dir='ltr'><strong>consulerunt</strong></span> <span class='ocrx_word' id='word_1_278' title='bbox 1573 1543 1604 1573; x_wconf 86' lang='lat' dir='ltr'><strong>ei</strong></span> <span class='ocrx_word' id='word_1_279' title='bbox 1629 1547 1663 1574; x_wconf 88' lang='lat' dir='ltr'><strong>et</strong></span> <span class='ocrx_word' id='word_1_280' title='bbox 1686 1542 1866 1573; x_wconf 89' lang='lat' dir='ltr'><strong>voluerunt</strong></span> <span class='ocrx_word' id='word_1_281' title='bbox 1889 1542 2000 1583; x_wconf 91' lang='lat' dir='ltr'><strong>ipsum</strong></span> <span class='ocrx_word' id='word_1_282' title='bbox 2016 1542 2065 1573; x_wconf 90' lang='lat' dir='ltr'><strong>ire</strong></span> <span class='ocrx_word' id='word_1_283' title='bbox 2088 1542 2134 1572; x_wconf 89' lang='lat' dir='ltr'><strong>ad</strong></span> 
     </span>
     <span class='ocr_line' id='line_1_27' title="bbox 290 1594 2134 1636; baseline -0.003 -7"><span class='ocrx_word' id='word_1_284' title='bbox 290 1598 429 1630; x_wconf 87' lang='lat' dir='ltr'><strong>balneos</strong></span> <span class='ocrx_word' id='word_1_285' title='bbox 453 1599 489 1629; x_wconf 92' lang='lat' dir='ltr'><strong>in</strong></span> <span class='ocrx_word' id='word_1_286' title='bbox 512 1597 668 1630; x_wconf 88' lang='lat' dir='ltr'><strong>districtu</strong></span> <span class='ocrx_word' id='word_1_287' title='bbox 691 1597 821 1635; x_wconf 86' lang='lat' dir='ltr'><strong>Padue,</strong></span> <span class='ocrx_word' id='word_1_288' title='bbox 845 1603 881 1628; x_wconf 92' lang='lat' dir='ltr'><strong>ut</strong></span> <span class='ocrx_word' id='word_1_289' title='bbox 905 1597 1129 1632; x_wconf 85' lang='lat' dir='ltr'><strong>liberaretur3</strong></span> <span class='ocrx_word' id='word_1_290' title='bbox 1153 1601 1187 1626; x_wconf 91' lang='lat' dir='ltr'><strong>et</strong></span> <span class='ocrx_word' id='word_1_291' title='bbox 1209 1596 1259 1626; x_wconf 86' lang='lat' dir='ltr'><strong>sic</strong></span> <span class='ocrx_word' id='word_1_292' title='bbox 1276 1595 1454 1636; x_wconf 87' lang='lat' dir='ltr'><strong>respondit</strong></span> <span class='ocrx_word' id='word_1_293' title='bbox 1477 1595 1596 1626; x_wconf 77' lang='lat' dir='ltr'><strong>facere</strong></span> <span class='ocrx_word' id='word_1_294' title='bbox 1621 1594 1768 1626; x_wconf 84' lang='lat' dir='ltr'><strong>libenter</strong></span> <span class='ocrx_word' id='word_1_295' title='bbox 1781 1607 1789 1631; x_wconf 76' lang='grc' dir='ltr'><strong>ς</strong></span> <span class='ocrx_word' id='word_1_296' title='bbox 1816 1600 1849 1626; x_wconf 88' lang='lat' dir='ltr'><strong>et</strong></span> <span class='ocrx_word' id='word_1_297' title='bbox 1873 1594 2037 1626; x_wconf 89' lang='lat' dir='ltr'><strong>ordinatis</strong></span> <span class='ocrx_word' id='word_1_298' title='bbox 2062 1604 2134 1626; x_wconf 91' lang='lat' dir='ltr'><strong>om-</strong></span> 
     </span>
     <span class='ocr_line' id='line_1_28' title="bbox 290 1647 2135 1690; baseline -0.002 -8"><span class='ocrx_word' id='word_1_299' title='bbox 290 1651 388 1682; x_wconf 89' lang='lat' dir='ltr'><strong>nibus</strong></span> <span class='ocrx_word' id='word_1_300' title='bbox 404 1650 631 1683; x_wconf 88' lang='lat' dir='ltr'><strong>neccessariis</strong></span> <span class='ocrx_word' id='word_1_301' title='bbox 648 1650 777 1682; x_wconf 85' lang='lat' dir='ltr'><strong>civitati</strong></span> <span class='ocrx_word' id='word_1_302' title='bbox 794 1660 852 1681; x_wconf 88' lang='lat' dir='ltr'><strong>sue</strong></span> <span class='ocrx_word' id='word_1_303' title='bbox 868 1649 1024 1681; x_wconf 87' lang='lat' dir='ltr'><strong>Ferrarie</strong></span> <span class='ocrx_word' id='word_1_304' title='bbox 1042 1648 1181 1690; x_wconf 82' lang='lat' dir='ltr'><strong>reliquit</strong></span> <span class='ocrx_word' id='word_1_305' title='bbox 1197 1649 1232 1679; x_wconf 89' lang='lat' dir='ltr'><strong>in</strong></span> <span class='ocrx_word' id='word_1_306' title='bbox 1249 1649 1299 1679; x_wconf 80' lang='lat' dir='ltr'><strong>sui</strong></span> <span class='ocrx_word' id='word_1_307' title='bbox 1316 1648 1393 1679; x_wconf 91' lang='lat' dir='ltr'><strong>loco</strong></span> <span class='ocrx_word' id='word_1_308' title='bbox 1411 1647 1551 1679; x_wconf 90' lang='lat' dir='ltr'><strong>dominii</strong></span> <span class='ocrx_word' id='word_1_309' title='bbox 1567 1648 1746 1679; x_wconf 89' lang='lat' dir='ltr'><strong>dominum</strong></span> <span class='ocrx_word' id='word_1_310' title='bbox 1761 1647 1925 1679; x_wconf 91' lang='lat' dir='ltr'><strong>Frescum</strong></span> <span class='ocrx_word' id='word_1_311' title='bbox 1942 1647 2014 1679; x_wconf 88' lang='lat' dir='ltr'><strong>eius</strong></span> <span class='ocrx_word' id='word_1_312' title='bbox 2030 1647 2135 1678; x_wconf 89' lang='lat' dir='ltr'><strong>filium</strong></span> 
     </span>
     <span class='ocr_line' id='line_1_29' title="bbox 289 1696 2137 1744; baseline -0.003 -9"><span class='ocrx_word' id='word_1_313' title='bbox 289 1704 477 1736; x_wconf 87' lang='lat' dir='ltr'><strong>naturalem</strong></span> <span class='ocrx_word' id='word_1_314' title='bbox 512 1704 698 1741; x_wconf 77' lang='lat' dir='ltr'><strong>vicarium3</strong></span> <span class='ocrx_word' id='word_1_315' title='bbox 735 1709 769 1734; x_wconf 88' lang='lat' dir='ltr'><strong>et</strong></span> <span class='ocrx_word' id='word_1_316' title='bbox 803 1713 866 1744; x_wconf 91' lang='lat' dir='ltr'><strong>pro</strong></span> <span class='ocrx_word' id='word_1_317' title='bbox 897 1702 989 1734; x_wconf 91' lang='lat' dir='ltr'><strong>bono</strong></span> <span class='ocrx_word' id='word_1_318' title='bbox 1021 1707 1110 1734; x_wconf 82' lang='lat' dir='ltr'><strong>statu</strong></span> <span class='ocrx_word' id='word_1_319' title='bbox 1142 1696 1290 1733; x_wconf 82' lang='lat' dir='ltr'><strong>civitatis</strong></span> <span class='ocrx_word' id='word_1_320' title='bbox 1321 1700 1491 1732; x_wconf 90' lang='lat' dir='ltr'><strong>ordinavit</strong></span> <span class='ocrx_word' id='word_1_321' title='bbox 1517 1706 1549 1731; x_wconf 89' lang='lat' dir='ltr'><strong>et</strong></span> <span class='ocrx_word' id='word_1_322' title='bbox 1581 1700 1737 1732; x_wconf 89' lang='lat' dir='ltr'><strong>condidit</strong></span> <span class='ocrx_word' id='word_1_323' title='bbox 1768 1705 2008 1732; x_wconf 90' lang='lat' dir='ltr'><strong>testamentum</strong></span> <span class='ocrx_word' id='word_1_324' title='bbox 2039 1710 2137 1731; x_wconf 91' lang='lat' dir='ltr'><strong>suum</strong></span> 
     </span>
     <span class='ocr_line' id='line_1_30' title="bbox 289 1752 2135 1799; baseline -0.003 -10"><span class='ocrx_word' id='word_1_325' title='bbox 289 1757 350 1789; x_wconf 89' lang='lat' dir='ltr'><strong>tali</strong></span> <span class='ocrx_word' id='word_1_326' title='bbox 374 1758 488 1796; x_wconf 89' lang='lat' dir='ltr'><strong>modo,</strong></span> <span class='ocrx_word' id='word_1_327' title='bbox 512 1758 605 1799; x_wconf 88' lang='lat' dir='ltr'><strong>quod</strong></span> <span class='ocrx_word' id='word_1_328' title='bbox 628 1757 655 1789; x_wconf 92' lang='lat' dir='ltr'><strong>si</strong></span> <span class='ocrx_word' id='word_1_329' title='bbox 685 1757 759 1798; x_wconf 90' lang='lat' dir='ltr'><strong>ipse</strong></span> <span class='ocrx_word' id='word_1_330' title='bbox 793 1757 989 1794; x_wconf 87' lang='lat' dir='ltr'><strong>decederet,</strong></span> <span class='ocrx_word' id='word_1_331' title='bbox 1021 1754 1237 1796; x_wconf 84' lang='lat' dir='ltr'><strong>relinquebat</strong></span> <span class='ocrx_word' id='word_1_332' title='bbox 1264 1753 1454 1785; x_wconf 86' lang='lat' dir='ltr'><strong>dominium</strong></span> <span class='ocrx_word' id='word_1_333' title='bbox 1485 1763 1581 1784; x_wconf 89' lang='lat' dir='ltr'><strong>suum</strong></span> <span class='ocrx_word' id='word_1_334' title='bbox 1613 1753 1704 1785; x_wconf 88' lang='lat' dir='ltr'><strong>dicte</strong></span> <span class='ocrx_word' id='word_1_335' title='bbox 1735 1753 1882 1785; x_wconf 84' lang='lat' dir='ltr'><strong>civitatis</strong></span> <span class='ocrx_word' id='word_1_336' title='bbox 1912 1754 1948 1784; x_wconf 90' lang='lat' dir='ltr'><strong>in</strong></span> <span class='ocrx_word' id='word_1_337' title='bbox 1979 1752 2135 1785; x_wconf 87' lang='lat' dir='ltr'><strong>manibus</strong></span> 
     </span>
     <span class='ocr_line' id='line_1_31' title="bbox 291 1805 2134 1852; baseline -0.002 -11"><span class='ocrx_word' id='word_1_338' title='bbox 291 1810 420 1841; x_wconf 88' lang='lat' dir='ltr'><strong>domini</strong></span> <span class='ocrx_word' id='word_1_339' title='bbox 445 1810 587 1842; x_wconf 86' lang='lat' dir='ltr'><strong>Freschi</strong></span> <span class='ocrx_word' id='word_1_340' title='bbox 611 1809 781 1852; x_wconf 81' lang='lat' dir='ltr'><strong>predicti²</strong></span> <span class='ocrx_word' id='word_1_341' title='bbox 805 1816 837 1840; x_wconf 90' lang='lat' dir='ltr'><strong>et</strong></span> <span class='ocrx_word' id='word_1_342' title='bbox 860 1808 1024 1840; x_wconf 87' lang='lat' dir='ltr'><strong>heredem</strong></span> <span class='ocrx_word' id='word_1_343' title='bbox 1050 1808 1140 1850; x_wconf 75' lang='lat' dir='ltr'><strong>ejus3</strong></span> <span class='ocrx_word' id='word_1_344' title='bbox 1167 1813 1201 1839; x_wconf 88' lang='lat' dir='ltr'><strong>et</strong></span> <span class='ocrx_word' id='word_1_345' title='bbox 1235 1807 1302 1838; x_wconf 92' lang='lat' dir='ltr'><strong>hoc</strong></span> <span class='ocrx_word' id='word_1_346' title='bbox 1326 1806 1410 1837; x_wconf 73' lang='lat' dir='ltr'><strong>fecit</strong></span> <span class='ocrx_word' id='word_1_347' title='bbox 1441 1812 1584 1847; x_wconf 88' lang='lat' dir='ltr'><strong>propter</strong></span> <span class='ocrx_word' id='word_1_348' title='bbox 1612 1805 1832 1844; x_wconf 87' lang='lat' dir='ltr'><strong>discordiam,</strong></span> <span class='ocrx_word' id='word_1_349' title='bbox 1857 1817 1959 1848; x_wconf 89' lang='lat' dir='ltr'><strong>quam</strong></span> <span class='ocrx_word' id='word_1_350' title='bbox 1983 1805 2134 1837; x_wconf 88' lang='lat' dir='ltr'><strong>habebat</strong></span> 
     </span>
     <span class='ocr_line' id='line_1_32' title="bbox 291 1858 2136 1901; baseline -0.002 -8"><span class='ocrx_word' id='word_1_351' title='bbox 291 1872 370 1893; x_wconf 89' lang='lat' dir='ltr'><strong>cum</strong></span> <span class='ocrx_word' id='word_1_352' title='bbox 393 1863 461 1895; x_wconf 87' lang='lat' dir='ltr'><strong>suis</strong></span> <span class='ocrx_word' id='word_1_353' title='bbox 484 1862 650 1895; x_wconf 78' lang='lat' dir='ltr'><strong>fratribus</strong></span> <span class='ocrx_word' id='word_1_354' title='bbox 667 1862 858 1894; x_wconf 86' lang='lat' dir='ltr'><strong>antedictis.</strong></span> <span class='ocrx_word' id='word_1_355' title='bbox 897 1861 997 1892; x_wconf 90' lang='lat' dir='ltr'><strong>Tunc</strong></span> <span class='ocrx_word' id='word_1_356' title='bbox 1022 1860 1180 1892; x_wconf 82' lang='lat' dir='ltr'><strong>discessit</strong></span> <span class='ocrx_word' id='word_1_357' title='bbox 1204 1859 1365 1891; x_wconf 85' lang='lat' dir='ltr'><strong>Ferraria</strong></span> <span class='ocrx_word' id='word_1_358' title='bbox 1383 1869 1461 1891; x_wconf 91' lang='lat' dir='ltr'><strong>cum</strong></span> <span class='ocrx_word' id='word_1_359' title='bbox 1477 1858 1647 1901; x_wconf 86' lang='lat' dir='ltr'><strong>aliquibus</strong></span> <span class='ocrx_word' id='word_1_360' title='bbox 1672 1859 1743 1890; x_wconf 87' lang='lat' dir='ltr'><strong>suis</strong></span> <span class='ocrx_word' id='word_1_361' title='bbox 1759 1859 1924 1890; x_wconf 86' lang='lat' dir='ltr'><strong>militibus</strong></span> <span class='ocrx_word' id='word_1_362' title='bbox 1942 1864 1975 1890; x_wconf 87' lang='lat' dir='ltr'><strong>et</strong></span> <span class='ocrx_word' id='word_1_363' title='bbox 1998 1858 2136 1890; x_wconf 80' lang='lat' dir='ltr'><strong>famulis</strong></span> 
     </span>
     <span class='ocr_line' id='line_1_33' title="bbox 291 1911 2135 1951; baseline -0.001 -5"><span class='ocrx_word' id='word_1_364' title='bbox 291 1921 326 1946; x_wconf 89' lang='lat' dir='ltr'><strong>et</strong></span> <span class='ocrx_word' id='word_1_365' title='bbox 348 1915 488 1948; x_wconf 85' lang='lat' dir='ltr'><strong>domina</strong></span> <span class='ocrx_word' id='word_1_366' title='bbox 510 1915 669 1947; x_wconf 88' lang='lat' dir='ltr'><strong>Beatrice</strong></span> <span class='ocrx_word' id='word_1_367' title='bbox 695 1915 765 1947; x_wconf 87' lang='lat' dir='ltr'><strong>eius</strong></span> <span class='ocrx_word' id='word_1_368' title='bbox 788 1924 905 1946; x_wconf 89' lang='lat' dir='ltr'><strong>sorore</strong></span> <span class='ocrx_word' id='word_1_369' title='bbox 929 1915 973 1945; x_wconf 92' lang='lat' dir='ltr'><strong>de</strong></span> <span class='ocrx_word' id='word_1_370' title='bbox 999 1914 1101 1945; x_wconf 88' lang='lat' dir='ltr'><strong>domo</strong></span> <span class='ocrx_word' id='word_1_371' title='bbox 1125 1913 1272 1951; x_wconf 87' lang='lat' dir='ltr'><strong>Estensi‚</strong></span> <span class='ocrx_word' id='word_1_372' title='bbox 1297 1917 1331 1943; x_wconf 89' lang='lat' dir='ltr'><strong>et</strong></span> <span class='ocrx_word' id='word_1_373' title='bbox 1362 1912 1554 1944; x_wconf 89' lang='lat' dir='ltr'><strong>conductus</strong></span> <span class='ocrx_word' id='word_1_374' title='bbox 1582 1911 1647 1943; x_wconf 79' lang='lat' dir='ltr'><strong>fuit</strong></span> <span class='ocrx_word' id='word_1_375' title='bbox 1680 1911 1714 1942; x_wconf 91' lang='lat' dir='ltr'><strong>in</strong></span> <span class='ocrx_word' id='word_1_376' title='bbox 1747 1912 1909 1943; x_wconf 90' lang='lat' dir='ltr'><strong>comitatu</strong></span> <span class='ocrx_word' id='word_1_377' title='bbox 1940 1911 2058 1943; x_wconf 88' lang='lat' dir='ltr'><strong>Padue</strong></span> <span class='ocrx_word' id='word_1_378' title='bbox 2090 1912 2135 1944; x_wconf 87' lang='lat' dir='ltr'><strong>ad</strong></span> 
     </span>
     <span class='ocr_line' id='line_1_34' title="bbox 292 1962 2138 2008; baseline -0.002 -10"><span class='ocrx_word' id='word_1_379' title='bbox 292 1973 417 1999; x_wconf 89' lang='lat' dir='ltr'><strong>terram</strong></span> <span class='ocrx_word' id='word_1_380' title='bbox 442 1969 487 2000; x_wconf 86' lang='lat' dir='ltr'><strong>de</strong></span> <span class='ocrx_word' id='word_1_381' title='bbox 511 1969 582 2007; x_wconf 90' lang='lat' dir='ltr'><strong>Est,</strong></span> <span class='ocrx_word' id='word_1_382' title='bbox 607 1974 641 2000; x_wconf 85' lang='lat' dir='ltr'><strong>et</strong></span> <span class='ocrx_word' id='word_1_383' title='bbox 665 1967 843 2000; x_wconf 86' lang='lat' dir='ltr'><strong>descendit</strong></span> <span class='ocrx_word' id='word_1_384' title='bbox 867 1968 911 1998; x_wconf 84' lang='lat' dir='ltr'><strong>ad</strong></span> <span class='ocrx_word' id='word_1_385' title='bbox 934 1966 1101 2008; x_wconf 89' lang='lat' dir='ltr'><strong>palatium</strong></span> <span class='ocrx_word' id='word_1_386' title='bbox 1125 1965 1255 1997; x_wconf 87' lang='lat' dir='ltr'><strong>domini</strong></span> <span class='ocrx_word' id='word_1_387' title='bbox 1271 1965 1442 2008; x_wconf 79' lang='lat' dir='ltr'><strong>Niccolay</strong></span> <span class='ocrx_word' id='word_1_388' title='bbox 1459 1965 1502 1996; x_wconf 92' lang='lat' dir='ltr'><strong>de</strong></span> <span class='ocrx_word' id='word_1_389' title='bbox 1519 1964 1628 1996; x_wconf 91' lang='lat' dir='ltr'><strong>Lucio</strong></span> <span class='ocrx_word' id='word_1_390' title='bbox 1642 1962 1663 1996; x_wconf 82' lang='lat'><strong>³.</strong></span> <span class='ocrx_word' id='word_1_391' title='bbox 1710 1965 1754 1996; x_wconf 90' lang='lat' dir='ltr'><strong>Et</strong></span> <span class='ocrx_word' id='word_1_392' title='bbox 1777 1964 1824 1995; x_wconf 90' lang='lat' dir='ltr'><strong>ibi</strong></span> <span class='ocrx_word' id='word_1_393' title='bbox 1848 1974 1963 1996; x_wconf 91' lang='lat' dir='ltr'><strong>coram</strong></span> <span class='ocrx_word' id='word_1_394' title='bbox 1980 1964 2054 2006; x_wconf 88' lang='lat' dir='ltr'><strong>ipso</strong></span> <span class='ocrx_word' id='word_1_395' title='bbox 2078 1974 2138 1995; x_wconf 89' lang='lat' dir='ltr'><strong>ve-</strong></span> 
     </span>
     <span class='ocr_line' id='line_1_35' title="bbox 292 2017 2136 2062; baseline -0.002 -11"><span class='ocrx_word' id='word_1_396' title='bbox 292 2027 415 2052; x_wconf 86' lang='lat' dir='ltr'><strong>nerunt</strong></span> <span class='ocrx_word' id='word_1_397' title='bbox 437 2021 563 2053; x_wconf 78' lang='lat' dir='ltr'><strong>fratres</strong></span> <span class='ocrx_word' id='word_1_398' title='bbox 594 2021 667 2052; x_wconf 86' lang='lat' dir='ltr'><strong>eius</strong></span> <span class='ocrx_word' id='word_1_399' title='bbox 699 2026 733 2052; x_wconf 86' lang='lat' dir='ltr'><strong>et</strong></span> <span class='ocrx_word' id='word_1_400' title='bbox 767 2026 921 2062; x_wconf 89' lang='lat' dir='ltr'><strong>nepotes,</strong></span> <span class='ocrx_word' id='word_1_401' title='bbox 945 2019 1080 2051; x_wconf 90' lang='lat' dir='ltr'><strong>scilicet</strong></span> <span class='ocrx_word' id='word_1_402' title='bbox 1103 2018 1260 2050; x_wconf 86' lang='lat' dir='ltr'><strong>dominus</strong></span> <span class='ocrx_word' id='word_1_403' title='bbox 1283 2017 1576 2054; x_wconf 86' lang='lat' dir='ltr'><strong>Aldrovandinus‚</strong></span> <span class='ocrx_word' id='word_1_404' title='bbox 1601 2017 1756 2049; x_wconf 89' lang='lat' dir='ltr'><strong>dominus</strong></span> <span class='ocrx_word' id='word_1_405' title='bbox 1783 2017 1988 2049; x_wconf 86' lang='lat' dir='ltr'><strong>Franciscus</strong></span> <span class='ocrx_word' id='word_1_406' title='bbox 2011 2017 2136 2048; x_wconf 81' lang='lat' dir='ltr'><strong>fratres</strong></span> 
     </span>
     <span class='ocr_line' id='line_1_36' title="bbox 291 2069 2137 2117; baseline -0.002 -14"><span class='ocrx_word' id='word_1_407' title='bbox 291 2073 372 2111; x_wconf 87' lang='lat' dir='ltr'><strong>eius,</strong></span> <span class='ocrx_word' id='word_1_408' title='bbox 396 2074 600 2117; x_wconf 86' lang='lat' dir='ltr'><strong>Raynaldus</strong></span> <span class='ocrx_word' id='word_1_409' title='bbox 625 2080 658 2106; x_wconf 89' lang='lat' dir='ltr'><strong>et</strong></span> <span class='ocrx_word' id='word_1_410' title='bbox 682 2073 793 2116; x_wconf 77' lang='lat' dir='ltr'><strong>Obico</strong></span> <span class='ocrx_word' id='word_1_411' title='bbox 817 2074 943 2104; x_wconf 78' lang='lat' dir='ltr'><strong>fratres</strong></span> <span class='ocrx_word' id='word_1_412' title='bbox 972 2078 1005 2104; x_wconf 90' lang='lat' dir='ltr'><strong>et</strong></span> <span class='ocrx_word' id='word_1_413' title='bbox 1035 2077 1179 2114; x_wconf 85' lang='lat' dir='ltr'><strong>nepotes</strong></span> <span class='ocrx_word' id='word_1_414' title='bbox 1211 2071 1293 2110; x_wconf 87' lang='lat' dir='ltr'><strong>eius,</strong></span> <span class='ocrx_word' id='word_1_415' title='bbox 1327 2081 1412 2113; x_wconf 87' lang='lat' dir='ltr'><strong>quos</strong></span> <span class='ocrx_word' id='word_1_416' title='bbox 1438 2070 1580 2102; x_wconf 90' lang='lat' dir='ltr'><strong>multum</strong></span> <span class='ocrx_word' id='word_1_417' title='bbox 1605 2069 1790 2112; x_wconf 54' lang='lat' dir='ltr'><strong>diligebam</strong></span> <span class='ocrx_word' id='word_1_418' title='bbox 1816 2076 1849 2102; x_wconf 90' lang='lat' dir='ltr'><strong>et</strong></span> <span class='ocrx_word' id='word_1_419' title='bbox 1873 2069 1921 2101; x_wconf 91' lang='lat' dir='ltr'><strong>ibi</strong></span> <span class='ocrx_word' id='word_1_420' title='bbox 1946 2080 2023 2101; x_wconf 91' lang='lat' dir='ltr'><strong>cum</strong></span> <span class='ocrx_word' id='word_1_421' title='bbox 2046 2080 2137 2111; x_wconf 88' lang='lat' dir='ltr'><strong>pena</strong></span> 
     </span>
     <span class='ocr_line' id='line_1_37' title="bbox 293 2121 2138 2170; baseline -0.002 -13"><span class='ocrx_word' id='word_1_422' title='bbox 293 2133 327 2158; x_wconf 87' lang='lat' dir='ltr'><strong>et</strong></span> <span class='ocrx_word' id='word_1_423' title='bbox 349 2127 525 2170; x_wconf 85' lang='lat' dir='ltr'><strong>rogamine</strong></span> <span class='ocrx_word' id='word_1_424' title='bbox 550 2127 739 2159; x_wconf 87' lang='lat' dir='ltr'><strong>amicorum</strong></span> <span class='ocrx_word' id='word_1_425' title='bbox 762 2136 897 2158; x_wconf 89' lang='lat' dir='ltr'><strong>suorum</strong></span> <span class='ocrx_word' id='word_1_426' title='bbox 914 2126 958 2157; x_wconf 90' lang='lat' dir='ltr'><strong>de</strong></span> <span class='ocrx_word' id='word_1_427' title='bbox 981 2125 1112 2163; x_wconf 82' lang='lat' dir='ltr'><strong>Padua,</strong></span> <span class='ocrx_word' id='word_1_428' title='bbox 1136 2125 1270 2156; x_wconf 87' lang='lat' dir='ltr'><strong>scilicet</strong></span> <span class='ocrx_word' id='word_1_429' title='bbox 1294 2124 1423 2155; x_wconf 89' lang='lat' dir='ltr'><strong>domini</strong></span> <span class='ocrx_word' id='word_1_430' title='bbox 1447 2123 1541 2154; x_wconf 79' lang='lat' dir='ltr'><strong>Tixii</strong></span> <span class='ocrx_word' id='word_1_431' title='bbox 1567 2123 1609 2154; x_wconf 91' lang='lat' dir='ltr'><strong>de</strong></span> <span class='ocrx_word' id='word_1_432' title='bbox 1634 2123 1765 2164; x_wconf 86' lang='lat' dir='ltr'><strong>Campo</strong></span> <span class='ocrx_word' id='word_1_433' title='bbox 1789 2123 1898 2154; x_wconf 86' lang='lat' dir='ltr'><strong>sancti</strong></span> <span class='ocrx_word' id='word_1_434' title='bbox 1921 2122 2015 2154; x_wconf 87' lang='lat' dir='ltr'><strong>Petri</strong></span> <span class='ocrx_word' id='word_1_435' title='bbox 2028 2121 2050 2160; x_wconf 78' lang='lat'><strong>⁴,</strong></span> <span class='ocrx_word' id='word_1_436' title='bbox 2075 2122 2138 2154; x_wconf 91' lang='lat' dir='ltr'><strong>do-</strong></span> 
     </span>
     <span class='ocr_line' id='line_1_38' title="bbox 293 2175 2138 2223; baseline -0.002 -14"><span class='ocrx_word' id='word_1_437' title='bbox 293 2179 375 2210; x_wconf 85' lang='lat' dir='ltr'><strong>mini</strong></span> <span class='ocrx_word' id='word_1_438' title='bbox 398 2180 569 2223; x_wconf 84' lang='lat' dir='ltr'><strong>Niccolay</strong></span> <span class='ocrx_word' id='word_1_439' title='bbox 592 2178 635 2211; x_wconf 91' lang='lat' dir='ltr'><strong>de</strong></span> <span class='ocrx_word' id='word_1_440' title='bbox 665 2179 788 2218; x_wconf 87' lang='lat' dir='ltr'><strong>Lucio,</strong></span> <span class='ocrx_word' id='word_1_441' title='bbox 821 2179 949 2211; x_wconf 84' lang='lat' dir='ltr'><strong>domini</strong></span> <span class='ocrx_word' id='word_1_442' title='bbox 974 2177 1091 2210; x_wconf 88' lang='lat' dir='ltr'><strong>Iacobi</strong></span> <span class='ocrx_word' id='word_1_443' title='bbox 1115 2177 1158 2209; x_wconf 91' lang='lat' dir='ltr'><strong>de</strong></span> <span class='ocrx_word' id='word_1_444' title='bbox 1184 2175 1352 2210; x_wconf 81' lang='lat' dir='ltr'><strong>Cararia⁵</strong></span> <span class='ocrx_word' id='word_1_445' title='bbox 1377 2182 1411 2208; x_wconf 88' lang='lat' dir='ltr'><strong>et</strong></span> <span class='ocrx_word' id='word_1_446' title='bbox 1442 2176 1597 2215; x_wconf 87' lang='lat' dir='ltr'><strong>aliorum,</strong></span> <span class='ocrx_word' id='word_1_447' title='bbox 1629 2186 1670 2207; x_wconf 90' lang='lat' dir='ltr'><strong>ac</strong></span> <span class='ocrx_word' id='word_1_448' title='bbox 1703 2175 1843 2207; x_wconf 87' lang='lat' dir='ltr'><strong>domine</strong></span> <span class='ocrx_word' id='word_1_449' title='bbox 1868 2175 2036 2207; x_wconf 88' lang='lat' dir='ltr'><strong>Beatricis</strong></span> <span class='ocrx_word' id='word_1_450' title='bbox 2067 2175 2138 2206; x_wconf 87' lang='lat' dir='ltr'><strong>eius</strong></span> 
     </span>
    </p>
   </div>
   <div class='ocr_carea' id='block_1_7' title="bbox 260 2227 2138 2271">
    <p class='ocr_par' dir='ltr' id='par_1_7' title="bbox 260 2227 2138 2271">
     <span class='ocr_line' id='line_1_39' title="bbox 260 2227 2138 2271; baseline -0.002 -8"><span class='ocrx_word' id='word_1_451' title='bbox 260 2251 264 2260; x_wconf 67' lang='grc' dir='ltr'><strong><em>ι</em></strong></span> <span class='ocrx_word' id='word_1_452' title='bbox 291 2232 416 2264; x_wconf 83' lang='lat' dir='ltr'><strong>sororis</strong></span> <span class='ocrx_word' id='word_1_453' title='bbox 439 2238 472 2264; x_wconf 92' lang='lat' dir='ltr'><strong>et</strong></span> <span class='ocrx_word' id='word_1_454' title='bbox 495 2232 641 2264; x_wconf 78' lang='lat' dir='ltr'><strong>fratrum</strong></span> <span class='ocrx_word' id='word_1_455' title='bbox 665 2232 927 2264; x_wconf 86' lang='lat' dir='ltr'><strong>Predicatorum</strong></span> <span class='ocrx_word' id='word_1_456' title='bbox 951 2237 1016 2263; x_wconf 91' lang='lat' dir='ltr'><strong>etc.</strong></span> <span class='ocrx_word' id='word_1_457' title='bbox 1042 2236 1075 2262; x_wconf 87' lang='lat' dir='ltr'><strong>et</strong></span> <span class='ocrx_word' id='word_1_458' title='bbox 1108 2241 1225 2262; x_wconf 87' lang='lat' dir='ltr'><strong>eorum</strong></span> <span class='ocrx_word' id='word_1_459' title='bbox 1258 2229 1428 2271; x_wconf 75' lang='lat' dir='ltr'><strong>precibu5‚</strong></span> <span class='ocrx_word' id='word_1_460' title='bbox 1463 2229 1622 2261; x_wconf 88' lang='lat' dir='ltr'><strong>dominus</strong></span> <span class='ocrx_word' id='word_1_461' title='bbox 1651 2227 1749 2270; x_wconf 74' lang='lat' dir='ltr'><strong>Acco</strong></span> <span class='ocrx_word' id='word_1_462' title='bbox 1780 2228 1934 2260; x_wconf 88' lang='lat' dir='ltr'><strong>marchio</strong></span> <span class='ocrx_word' id='word_1_463' title='bbox 1961 2228 2138 2269; x_wconf 88' lang='lat' dir='ltr'><strong>predictus</strong></span> 
     </span>
    </p>
   </div>
   <div class='ocr_carea' id='block_1_8' title="bbox 240 2847 270 2865">
    <p class='ocr_par' dir='ltr' id='par_1_8' title="bbox 240 2847 270 2865">
     <span class='ocr_line' id='line_1_40' title="bbox 240 2847 270 2865; baseline 0.033 -1"><span class='ocrx_word' id='word_1_464' title='bbox 240 2847 270 2865; x_wconf 92' lang='lat'><strong>10</strong></span> 
     </span>
    </p>
   </div>
   <div class='ocr_carea' id='block_1_9' title="bbox 292 2281 2138 2376">
    <p class='ocr_par' dir='ltr' id='par_1_9' title="bbox 292 2281 2138 2376">
     <span class='ocr_line' id='line_1_41' title="bbox 292 2281 2137 2326; baseline -0.002 -11"><span class='ocrx_word' id='word_1_465' title='bbox 292 2285 528 2317; x_wconf 87' lang='lat' dir='ltr'><strong>reconciliavit</strong></span> <span class='ocrx_word' id='word_1_466' title='bbox 551 2284 614 2317; x_wconf 88' lang='lat' dir='ltr'><strong>sibi</strong></span> <span class='ocrx_word' id='word_1_467' title='bbox 637 2285 715 2316; x_wconf 91' lang='lat' dir='ltr'><strong>illos</strong></span> <span class='ocrx_word' id='word_1_468' title='bbox 732 2295 810 2316; x_wconf 90' lang='lat' dir='ltr'><strong>cum</strong></span> <span class='ocrx_word' id='word_1_469' title='bbox 833 2294 921 2326; x_wconf 87' lang='lat' dir='ltr'><strong>pace</strong></span> <span class='ocrx_word' id='word_1_470' title='bbox 945 2289 979 2315; x_wconf 87' lang='lat' dir='ltr'><strong>et</strong></span> <span class='ocrx_word' id='word_1_471' title='bbox 1003 2283 1092 2315; x_wconf 87' lang='lat' dir='ltr'><strong>bona</strong></span> <span class='ocrx_word' id='word_1_472' title='bbox 1108 2284 1322 2324; x_wconf 83' lang='lat' dir='ltr'><strong>volunptate3</strong></span> <span class='ocrx_word' id='word_1_473' title='bbox 1349 2288 1384 2314; x_wconf 90' lang='lat' dir='ltr'><strong>et</strong></span> <span class='ocrx_word' id='word_1_474' title='bbox 1406 2287 1656 2320; x_wconf 86' lang='lat' dir='ltr'><strong>testamentum,</strong></span> <span class='ocrx_word' id='word_1_475' title='bbox 1680 2281 1772 2323; x_wconf 90' lang='lat' dir='ltr'><strong>quod</strong></span> <span class='ocrx_word' id='word_1_476' title='bbox 1795 2281 1832 2312; x_wconf 91' lang='lat' dir='ltr'><strong>in</strong></span> <span class='ocrx_word' id='word_1_477' title='bbox 1856 2281 1996 2312; x_wconf 86' lang='lat' dir='ltr'><strong>Feraria</strong></span> <span class='ocrx_word' id='word_1_478' title='bbox 2019 2281 2137 2312; x_wconf 90' lang='lat' dir='ltr'><strong>condi-</strong></span> 
     </span>
     <span class='ocr_line' id='line_1_42' title="bbox 295 2333 2138 2376; baseline -0.003 -6"><span class='ocrx_word' id='word_1_479' title='bbox 295 2338 402 2376; x_wconf 83' lang='lat' dir='ltr'><strong>derat,</strong></span> <span class='ocrx_word' id='word_1_480' title='bbox 426 2337 533 2370; x_wconf 89' lang='lat' dir='ltr'><strong>voluit</strong></span> <span class='ocrx_word' id='word_1_481' title='bbox 556 2348 631 2370; x_wconf 90' lang='lat' dir='ltr'><strong>esse</strong></span> <span class='ocrx_word' id='word_1_482' title='bbox 654 2348 779 2370; x_wconf 89' lang='lat' dir='ltr'><strong>vanum</strong></span> <span class='ocrx_word' id='word_1_483' title='bbox 803 2343 837 2369; x_wconf 92' lang='lat' dir='ltr'><strong>et</strong></span> <span class='ocrx_word' id='word_1_484' title='bbox 859 2337 984 2368; x_wconf 90' lang='lat' dir='ltr'><strong>nullius</strong></span> <span class='ocrx_word' id='word_1_485' title='bbox 1008 2336 1152 2374; x_wconf 73' lang='lat' dir='ltr'><strong>valoris3</strong></span> <span class='ocrx_word' id='word_1_486' title='bbox 1179 2341 1212 2368; x_wconf 87' lang='lat' dir='ltr'><strong>et</strong></span> <span class='ocrx_word' id='word_1_487' title='bbox 1239 2336 1334 2367; x_wconf 89' lang='lat' dir='ltr'><strong>aliud</strong></span> <span class='ocrx_word' id='word_1_488' title='bbox 1356 2340 1596 2367; x_wconf 88' lang='lat' dir='ltr'><strong>testamentum</strong></span> <span class='ocrx_word' id='word_1_489' title='bbox 1620 2333 1777 2366; x_wconf 88' lang='lat' dir='ltr'><strong>condidit</strong></span> <span class='ocrx_word' id='word_1_490' title='bbox 1801 2340 1835 2365; x_wconf 89' lang='lat' dir='ltr'><strong>et</strong></span> <span class='ocrx_word' id='word_1_491' title='bbox 1858 2333 2003 2375; x_wconf 88' lang='lat' dir='ltr'><strong>reliquid</strong></span> <span class='ocrx_word' id='word_1_492' title='bbox 2027 2333 2138 2365; x_wconf 89' lang='lat' dir='ltr'><strong>domi-</strong></span> 
     </span>
    </p>
   </div>
   <div class='ocr_carea' id='block_1_10' title="bbox 292 2443 2138 2608">
    <p class='ocr_par' dir='ltr' id='par_1_10' title="bbox 292 2443 2138 2608">
     <span class='ocr_line' id='line_1_43' title="bbox 384 2443 2133 2481; baseline -0.002 -9"><span class='ocrx_word' id='word_1_493' title='bbox 384 2456 435 2473; x_wconf 83' lang='lat'><strong>1-2.</strong></span> <span class='ocrx_word' id='word_1_494' title='bbox 455 2448 612 2481; x_wconf 80' lang='lat' dir='ltr'><strong>masserias]</strong></span> <span class='ocrx_word' id='word_1_495' title='bbox 632 2450 805 2473; x_wconf 74' lang='lat' dir='ltr'><strong>massaritias</strong></span> <span class='ocrx_word' id='word_1_496' title='bbox 824 2449 903 2473; x_wconf 72' lang='lat' dir='ltr'><strong>Mun.</strong></span> <span class='ocrx_word' id='word_1_497' title='bbox 919 2461 951 2464; x_wconf 97' lang='lat'><strong>—</strong></span> <span class='ocrx_word' id='word_1_498' title='bbox 968 2454 1007 2472; x_wconf 89' lang='lat'><strong>10.</strong></span> <span class='ocrx_word' id='word_1_499' title='bbox 1022 2448 1166 2479; x_wconf 83' lang='lat' dir='ltr'><strong>cogitabat</strong></span> <span class='ocrx_word' id='word_1_500' title='bbox 1179 2448 1256 2472; x_wconf 76' lang='lat' dir='ltr'><strong>MUR.</strong></span> <span class='ocrx_word' id='word_1_501' title='bbox 1278 2460 1310 2464; x_wconf 84' lang='lat'>—</span> <span class='ocrx_word' id='word_1_502' title='bbox 1327 2454 1367 2478; x_wconf 88' lang='lat'><strong>13.</strong></span> <span class='ocrx_word' id='word_1_503' title='bbox 1381 2445 1524 2477; x_wconf 88' lang='lat' dir='ltr'><strong>dominus]</strong></span> <span class='ocrx_word' id='word_1_504' title='bbox 1540 2445 1628 2470; x_wconf 80' lang='lat' dir='ltr'><strong>dictus</strong></span> <span class='ocrx_word' id='word_1_505' title='bbox 1642 2445 1668 2468; x_wconf 86' lang='lat' dir='ltr'><em>B</em></span> <span class='ocrx_word' id='word_1_506' title='bbox 1680 2445 1759 2468; x_wconf 72' lang='lat' dir='ltr'><strong>Mna.</strong></span> <span class='ocrx_word' id='word_1_507' title='bbox 1774 2458 1802 2461; x_wconf 82' lang='lat'>-</span> <span class='ocrx_word' id='word_1_508' title='bbox 1823 2443 1863 2469; x_wconf 84' lang='lat'><strong>16.</strong></span> <span class='ocrx_word' id='word_1_509' title='bbox 1878 2443 2022 2476; x_wconf 82' lang='lat' dir='ltr'><strong>omnibus]</strong></span> <span class='ocrx_word' id='word_1_510' title='bbox 2036 2444 2133 2468; x_wconf 84' lang='lat' dir='ltr'><strong>omnia</strong></span> 
     </span>
     <span class='ocr_line' id='line_1_44' title="bbox 292 2486 2138 2522; baseline -0.003 -8"><span class='ocrx_word' id='word_1_511' title='bbox 292 2491 316 2514; x_wconf 83' lang='grc' dir='ltr'><em>Λ</em></span> <span class='ocrx_word' id='word_1_512' title='bbox 331 2504 362 2508; x_wconf 86' lang='grc'>-</span> <span class='ocrx_word' id='word_1_513' title='bbox 379 2490 465 2522; x_wconf 87' lang='lat'><strong>16-17.</strong></span> <span class='ocrx_word' id='word_1_514' title='bbox 476 2491 682 2516; x_wconf 83' lang='lat' dir='ltr'><strong>derobaverant</strong></span> <span class='ocrx_word' id='word_1_515' title='bbox 700 2491 727 2515; x_wconf 87' lang='lat' dir='ltr'><strong>d.</strong></span> <span class='ocrx_word' id='word_1_516' title='bbox 747 2490 897 2515; x_wconf 74' lang='lat' dir='ltr'><strong>Botttxena</strong></span> <span class='ocrx_word' id='word_1_517' title='bbox 916 2491 940 2513; x_wconf 85' lang='lat' dir='ltr'><em>B</em></span> <span class='ocrx_word' id='word_1_518' title='bbox 947 2500 957 2518; x_wconf 87' lang='lat'><strong>,·</strong></span> <span class='ocrx_word' id='word_1_519' title='bbox 977 2490 1212 2514; x_wconf 84' lang='lat' dir='ltr'><strong>deroberaverant</strong></span> <span class='ocrx_word' id='word_1_520' title='bbox 1232 2489 1350 2513; x_wconf 78' lang='lat' dir='ltr'><strong>domino</strong></span> <span class='ocrx_word' id='word_1_521' title='bbox 1364 2488 1518 2513; x_wconf 81' lang='lat' dir='ltr'><strong>Bottixelle</strong></span> <span class='ocrx_word' id='word_1_522' title='bbox 1533 2487 1614 2512; x_wconf 67' lang='lat' dir='ltr'><strong>Mun.</strong></span> <span class='ocrx_word' id='word_1_523' title='bbox 1628 2501 1661 2504; x_wconf 97' lang='lat'><strong>—</strong></span> <span class='ocrx_word' id='word_1_524' title='bbox 1678 2493 1717 2519; x_wconf 88' lang='lat'><strong>19.</strong></span> <span class='ocrx_word' id='word_1_525' title='bbox 1737 2487 1767 2509; x_wconf 83' lang='lat' dir='ltr'><strong>di</strong></span> <span class='ocrx_word' id='word_1_526' title='bbox 1785 2493 1860 2509; x_wconf 84' lang='lat' dir='ltr'><strong>mano</strong></span> <span class='ocrx_word' id='word_1_527' title='bbox 1874 2486 1951 2510; x_wconf 82' lang='lat' dir='ltr'><strong>tarda</strong></span> <span class='ocrx_word' id='word_1_528' title='bbox 1970 2487 2000 2509; x_wconf 85' lang='lat' dir='ltr'><strong>in</strong></span> <span class='ocrx_word' id='word_1_529' title='bbox 2018 2486 2138 2517; x_wconf 71' lang='lat' dir='ltr'><strong>marg-ine</strong></span> 
     </span>
     <span class='ocr_line' id='line_1_45' title="bbox 293 2527 2138 2564; baseline -0.002 -9"><span class='ocrx_word' id='word_1_530' title='bbox 293 2541 308 2555; x_wconf 83' lang='lat' dir='ltr'><strong>a</strong></span> <span class='ocrx_word' id='word_1_531' title='bbox 327 2533 429 2556; x_wconf 73' lang='lat' dir='ltr'><strong>destra:</strong></span> <span class='ocrx_word' id='word_1_532' title='bbox 450 2532 550 2557; x_wconf 81' lang='lat' dir='ltr'><strong>Comes</strong></span> <span class='ocrx_word' id='word_1_533' title='bbox 563 2532 759 2564; x_wconf 81' lang='lat' dir='ltr'><strong>Camarlingus</strong></span> <span class='ocrx_word' id='word_1_534' title='bbox 772 2546 804 2550; x_wconf 89' lang='lat'><strong>—</strong></span> <span class='ocrx_word' id='word_1_535' title='bbox 820 2538 860 2556; x_wconf 82' lang='lat'><strong>22.</strong></span> <span class='ocrx_word' id='word_1_536' title='bbox 880 2532 949 2555; x_wconf 75' lang='lat' dir='ltr'><strong>della</strong></span> <span class='ocrx_word' id='word_1_537' title='bbox 962 2532 1100 2555; x_wconf 74' lang='lat' dir='ltr'><strong>medesima</strong></span> <span class='ocrx_word' id='word_1_538' title='bbox 1119 2539 1193 2554; x_wconf 85' lang='lat' dir='ltr'><strong>mano</strong></span> <span class='ocrx_word' id='word_1_539' title='bbox 1207 2531 1251 2554; x_wconf 79' lang='lat' dir='ltr'><strong>che</strong></span> <span class='ocrx_word' id='word_1_540' title='bbox 1269 2532 1338 2562; x_wconf 60' lang='lat' dir='ltr'><strong>copi&amp;</strong></span> <span class='ocrx_word' id='word_1_541' title='bbox 1357 2531 1379 2553; x_wconf 80' lang='lat' dir='ltr'><strong>il</strong></span> <span class='ocrx_word' id='word_1_542' title='bbox 1397 2530 1480 2553; x_wconf 74' lang='lat' dir='ltr'><strong>codice</strong></span> <span class='ocrx_word' id='word_1_543' title='bbox 1500 2531 1528 2553; x_wconf 81' lang='lat' dir='ltr'><strong>in</strong></span> <span class='ocrx_word' id='word_1_544' title='bbox 1548 2529 1669 2561; x_wconf 78' lang='lat' dir='ltr'><strong>margine</strong></span> <span class='ocrx_word' id='word_1_545' title='bbox 1688 2536 1704 2552; x_wconf 84' lang='lat' dir='ltr'><strong>a</strong></span> <span class='ocrx_word' id='word_1_546' title='bbox 1717 2529 1846 2552; x_wconf 76' lang='lat' dir='ltr'><strong>sinistra:</strong></span> <span class='ocrx_word' id='word_1_547' title='bbox 1868 2528 1945 2551; x_wconf 85' lang='lat' dir='ltr'><strong>Mors</strong></span> <span class='ocrx_word' id='word_1_548' title='bbox 1965 2527 2138 2551; x_wconf 80' lang='lat' dir='ltr'><strong>marchionis</strong></span> 
     </span>
     <span class='ocr_line' id='line_1_46' title="bbox 295 2573 1379 2608; baseline -0.001 -10"><span class='ocrx_word' id='word_1_549' title='bbox 295 2575 416 2608; x_wconf 67' lang='lat' dir='ltr'><strong>Acconis</strong></span> <span class='ocrx_word' id='word_1_550' title='bbox 435 2587 467 2592; x_wconf 84' lang='lat'><strong>—</strong></span> <span class='ocrx_word' id='word_1_551' title='bbox 487 2580 528 2605; x_wconf 79' lang='lat'><strong>25.</strong></span> <span class='ocrx_word' id='word_1_552' title='bbox 548 2574 670 2598; x_wconf 82' lang='lat' dir='ltr'><strong>dominii</strong></span> <span class='ocrx_word' id='word_1_553' title='bbox 690 2582 737 2598; x_wconf 85' lang='lat' dir='ltr'><strong>om.</strong></span> <span class='ocrx_word' id='word_1_554' title='bbox 761 2575 836 2598; x_wconf 65' lang='lat' dir='ltr'><strong>Mt&#39;R.</strong></span> <span class='ocrx_word' id='word_1_555' title='bbox 857 2587 890 2590; x_wconf 97' lang='lat'><strong>—</strong></span> <span class='ocrx_word' id='word_1_556' title='bbox 910 2579 1000 2605; x_wconf 83' lang='lat'><strong>33-34.</strong></span> <span class='ocrx_word' id='word_1_557' title='bbox 1021 2581 1083 2597; x_wconf 89' lang='lat' dir='ltr'><strong>cum</strong></span> <span class='ocrx_word' id='word_1_558' title='bbox 1103 2580 1174 2606; x_wconf 87' lang='lat' dir='ltr'><strong>pena</strong></span> <span class='ocrx_word' id='word_1_559' title='bbox 1192 2576 1219 2597; x_wconf 93' lang='lat' dir='ltr'><strong>et</strong></span> <span class='ocrx_word' id='word_1_560' title='bbox 1238 2581 1285 2596; x_wconf 82' lang='lat' dir='ltr'><strong>om.</strong></span> <span class='ocrx_word' id='word_1_561' title='bbox 1301 2573 1379 2597; x_wconf 80' lang='lat' dir='ltr'><strong>MUR.</strong></span> 
     </span>
    </p>
   </div>
   <div class='ocr_carea' id='block_1_11' title="bbox 296 2630 2141 2753">
    <p class='ocr_par' dir='ltr' id='par_1_11' title="bbox 296 2630 2141 2753">
     <span class='ocr_line' id='line_1_47' title="bbox 383 2630 2141 2667; baseline -0.003 -7"><span class='ocrx_word' id='word_1_562' title='bbox 383 2635 391 2650; x_wconf 82' lang='lat'>¹</span> <span class='ocrx_word' id='word_1_563' title='bbox 411 2636 551 2659; x_wconf 67' lang='lat' dir='ltr'><strong>Alasserms</strong></span> <span class='ocrx_word' id='word_1_564' title='bbox 570 2637 606 2660; x_wconf 80' lang='lat' dir='ltr'><strong>ha</strong></span> <span class='ocrx_word' id='word_1_565' title='bbox 625 2636 644 2660; x_wconf 90' lang='lat' dir='ltr'><strong>il</strong></span> <span class='ocrx_word' id='word_1_566' title='bbox 664 2636 724 2660; x_wconf 86' lang='lat' dir='ltr'><strong>cod.</strong></span> <span class='ocrx_word' id='word_1_567' title='bbox 747 2636 789 2660; x_wconf 69' lang='lat' dir='ltr'><strong>Cf.</strong></span> <span class='ocrx_word' id='word_1_568' title='bbox 810 2636 984 2664; x_wconf 52' lang='lat' dir='ltr'><strong>Ducuxxoe,</strong></span> <span class='ocrx_word' id='word_1_569' title='bbox 1005 2636 1037 2666; x_wconf 84' lang='lat' dir='ltr'><strong>V,</strong></span> <span class='ocrx_word' id='word_1_570' title='bbox 1059 2641 1118 2667; x_wconf 80' lang='lat'><strong>299.</strong></span> <span class='ocrx_word' id='word_1_571' title='bbox 1245 2634 1272 2658; x_wconf 86' lang='lat' dir='ltr'><strong>di</strong></span> <span class='ocrx_word' id='word_1_572' title='bbox 1292 2635 1383 2658; x_wconf 90' lang='lat' dir='ltr'><strong>Lozzo</strong></span> <span class='ocrx_word' id='word_1_573' title='bbox 1403 2634 1499 2658; x_wconf 83' lang='lat' dir='ltr'><strong>lodato</strong></span> <span class='ocrx_word' id='word_1_574' title='bbox 1513 2633 1558 2658; x_wconf 82' lang='lat' dir='ltr'><strong>dal</strong></span> <span class='ocrx_word' id='word_1_575' title='bbox 1573 2633 1698 2657; x_wconf 82' lang='lat' dir='ltr'><strong>Mussato</strong></span> <span class='ocrx_word' id='word_1_576' title='bbox 1711 2639 1762 2664; x_wconf 83' lang='lat' dir='ltr'><strong>per</strong></span> <span class='ocrx_word' id='word_1_577' title='bbox 1779 2631 1931 2663; x_wconf 86' lang='lat' dir='ltr'><strong>l’ingegno</strong></span> <span class='ocrx_word' id='word_1_578' title='bbox 1943 2638 1958 2655; x_wconf 87' lang='lat' dir='ltr'><strong>e</strong></span> <span class='ocrx_word' id='word_1_579' title='bbox 1972 2630 2141 2662; x_wconf 82' lang='lat' dir='ltr'><strong>l&#39;eloquenza</strong></span> 
     </span>
     <span class='ocr_line' id='line_1_48' title="bbox 383 2672 2140 2708; baseline -0.003 -7"><span class='ocrx_word' id='word_1_580' title='bbox 383 2677 393 2692; x_wconf 73' lang='lat'><strong>‘2</strong></span> <span class='ocrx_word' id='word_1_581' title='bbox 414 2679 487 2701; x_wconf 74' lang='lat' dir='ltr'><strong>Azzo</strong></span> <span class='ocrx_word' id='word_1_582' title='bbox 507 2678 572 2702; x_wconf 81' lang='lat' dir='ltr'><strong>vm</strong></span> <span class='ocrx_word' id='word_1_583' title='bbox 592 2677 708 2702; x_wconf 74' lang='lat' dir='ltr'><strong>nomino</strong></span> <span class='ocrx_word' id='word_1_584' title='bbox 727 2685 778 2702; x_wconf 87' lang='lat' dir='ltr'><strong>suo</strong></span> <span class='ocrx_word' id='word_1_585' title='bbox 798 2677 879 2702; x_wconf 82' lang='lat' dir='ltr'><strong>erede</strong></span> <span class='ocrx_word' id='word_1_586' title='bbox 898 2686 912 2702; x_wconf 88' lang='lat' dir='ltr'><strong>e</strong></span> <span class='ocrx_word' id='word_1_587' title='bbox 934 2684 1093 2702; x_wconf 82' lang='lat' dir='ltr'><strong>successore</strong></span> <span class='ocrx_word' id='word_1_588' title='bbox 1113 2677 1190 2708; x_wconf 84' lang='lat' dir='ltr'><strong>negli</strong></span> <span class='ocrx_word' id='word_1_589' title='bbox 1244 2676 1282 2701; x_wconf 84' lang='lat' dir='ltr'><strong>cf.</strong></span> <span class='ocrx_word' id='word_1_590' title='bbox 1297 2676 1328 2701; x_wconf 78' lang='lat' dir='ltr'><strong>F.</strong></span> <span class='ocrx_word' id='word_1_591' title='bbox 1342 2677 1594 2705; x_wconf 68' lang='lat' dir='ltr'><strong>FRANcssscflnrn,</strong></span> <span class='ocrx_word' id='word_1_592' title='bbox 1607 2674 1777 2705; x_wconf 77' lang='lat' dir='ltr'><strong>Lefamiglie</strong></span> <span class='ocrx_word' id='word_1_593' title='bbox 1796 2673 1879 2697; x_wconf 80' lang='lat' dir='ltr'><strong>nobili</strong></span> <span class='ocrx_word' id='word_1_594' title='bbox 1891 2673 1959 2696; x_wconf 68' lang='lat' dir='ltr'><strong>della</strong></span> <span class='ocrx_word' id='word_1_595' title='bbox 1973 2673 2035 2696; x_wconf 56' lang='lat' dir='ltr'><strong>citt&amp;</strong></span> <span class='ocrx_word' id='word_1_596' title='bbox 2050 2672 2140 2696; x_wconf 78' lang='lat' dir='ltr'><strong>d&#39;Estc</strong></span> 
     </span>
     <span class='ocr_line' id='line_1_49' title="bbox 296 2713 2034 2753; baseline -0.003 -10"><span class='ocrx_word' id='word_1_597' title='bbox 296 2721 362 2744; x_wconf 83' lang='lat' dir='ltr'><strong>stati</strong></span> <span class='ocrx_word' id='word_1_598' title='bbox 382 2721 467 2744; x_wconf 85' lang='lat' dir='ltr'><strong>Folco</strong></span> <span class='ocrx_word' id='word_1_599' title='bbox 486 2719 561 2751; x_wconf 86' lang='lat' dir='ltr'><strong>figlio</strong></span> <span class='ocrx_word' id='word_1_600' title='bbox 581 2720 721 2753; x_wconf 82' lang='lat' dir='ltr'><strong>legi‘ttimo</strong></span> <span class='ocrx_word' id='word_1_601' title='bbox 742 2720 770 2743; x_wconf 87' lang='lat' dir='ltr'><strong>di</strong></span> <span class='ocrx_word' id='word_1_602' title='bbox 784 2720 883 2744; x_wconf 80' lang='lat' dir='ltr'><strong>Fresco</strong></span> <span class='ocrx_word' id='word_1_603' title='bbox 898 2726 948 2743; x_wconf 82' lang='lat' dir='ltr'><strong>suo</strong></span> <span class='ocrx_word' id='word_1_604' title='bbox 962 2718 1039 2750; x_wconf 82' lang='lat' dir='ltr'><strong>figlio</strong></span> <span class='ocrx_word' id='word_1_605' title='bbox 1054 2715 1189 2747; x_wconf 71' lang='lat' dir='ltr'><strong>naturale,</strong></span> <span class='ocrx_word' id='word_1_606' title='bbox 1244 2718 1272 2741; x_wconf 87' lang='lat' dir='ltr'><strong>iu</strong></span> <span class='ocrx_word' id='word_1_607' title='bbox 1296 2718 1420 2741; x_wconf 69' lang='lat' dir='ltr'><strong>Gz&#39;ornale</strong></span> <span class='ocrx_word' id='word_1_608' title='bbox 1439 2718 1576 2744; x_wconf 54' lang='lat' dir='ltr'><strong>Araldicol</strong></span> <span class='ocrx_word' id='word_1_609' title='bbox 1597 2717 1698 2740; x_wconf 80' lang='lat' dir='ltr'><strong>Nuova</strong></span> <span class='ocrx_word' id='word_1_610' title='bbox 1718 2716 1802 2744; x_wconf 59' lang='lat' dir='ltr'><strong>tier-ie,</strong></span> <span class='ocrx_word' id='word_1_611' title='bbox 1823 2717 1900 2738; x_wconf 89' lang='lat' dir='ltr'><strong>tomo</strong></span> <span class='ocrx_word' id='word_1_612' title='bbox 1919 2714 1954 2744; x_wconf 83' lang='lat'><strong>11,</strong></span> <span class='ocrx_word' id='word_1_613' title='bbox 1974 2713 2034 2746; x_wconf 82' lang='lat'><strong>363.</strong></span> 
     </span>
    </p>
   </div>
   <div class='ocr_carea' id='block_1_12' title="bbox 296 2756 2142 2916">
    <p class='ocr_par' dir='ltr' id='par_1_12' title="bbox 296 2756 2141 2873">
     <span class='ocr_line' id='line_1_50' title="bbox 296 2756 2141 2793; baseline -0.004 -8"><span class='ocrx_word' id='word_1_614' title='bbox 296 2768 310 2785; x_wconf 90' lang='lat' dir='ltr'><strong>e</strong></span> <span class='ocrx_word' id='word_1_615' title='bbox 328 2760 443 2785; x_wconf 70' lang='lat' dir='ltr'><strong>costitui</strong></span> <span class='ocrx_word' id='word_1_616' title='bbox 463 2762 563 2786; x_wconf 81' lang='lat' dir='ltr'><strong>Fresco</strong></span> <span class='ocrx_word' id='word_1_617' title='bbox 583 2762 690 2785; x_wconf 70' lang='lat' dir='ltr'><strong>vicario</strong></span> <span class='ocrx_word' id='word_1_618' title='bbox 710 2762 752 2785; x_wconf 87' lang='lat' dir='ltr'><strong>nel</strong></span> <span class='ocrx_word' id='word_1_619' title='bbox 771 2768 896 2793; x_wconf 82' lang='lat' dir='ltr'><strong>governo</strong></span> <span class='ocrx_word' id='word_1_620' title='bbox 915 2762 985 2785; x_wconf 83' lang='lat' dir='ltr'><strong>della</strong></span> <span class='ocrx_word' id='word_1_621' title='bbox 998 2759 1069 2785; x_wconf 62' lang='lat' dir='ltr'><strong>cittii</strong></span> <span class='ocrx_word' id='word_1_622' title='bbox 1082 2761 1111 2785; x_wconf 89' lang='lat' dir='ltr'><strong>di</strong></span> <span class='ocrx_word' id='word_1_623' title='bbox 1124 2761 1189 2785; x_wconf 78' lang='lat' dir='ltr'><strong>Fer·</strong></span> <span class='ocrx_word' id='word_1_624' title='bbox 1333 2758 1344 2774; x_wconf 78' lang='lat'>4</span> <span class='ocrx_word' id='word_1_625' title='bbox 1366 2760 1470 2783; x_wconf 83' lang='lat' dir='ltr'><strong>Tisone</strong></span> <span class='ocrx_word' id='word_1_626' title='bbox 1490 2759 1519 2783; x_wconf 85' lang='lat' dir='ltr'><strong>di</strong></span> <span class='ocrx_word' id='word_1_627' title='bbox 1539 2759 1669 2782; x_wconf 81' lang='lat' dir='ltr'><strong>Tisolino</strong></span> <span class='ocrx_word' id='word_1_628' title='bbox 1690 2758 1724 2781; x_wconf 90' lang='lat' dir='ltr'><strong>da</strong></span> <span class='ocrx_word' id='word_1_629' title='bbox 1750 2756 2008 2789; x_wconf 82' lang='lat' dir='ltr'><strong>Camposampiero.</strong></span> <span class='ocrx_word' id='word_1_630' title='bbox 2044 2756 2141 2779; x_wconf 82' lang='lat' dir='ltr'><strong>Ricor-</strong></span> 
     </span>
     <span class='ocr_line' id='line_1_51' title="bbox 297 2796 2141 2832; baseline -0.003 -8"><span class='ocrx_word' id='word_1_631' title='bbox 297 2807 358 2824; x_wconf 77' lang='lat' dir='ltr'><strong>rara</strong></span> <span class='ocrx_word' id='word_1_632' title='bbox 377 2801 495 2824; x_wconf 84' lang='lat' dir='ltr'><strong>durante</strong></span> <span class='ocrx_word' id='word_1_633' title='bbox 512 2801 538 2824; x_wconf 86' lang='lat' dir='ltr'><strong>la</strong></span> <span class='ocrx_word' id='word_1_634' title='bbox 557 2801 672 2832; x_wconf 80' lang='lat' dir='ltr'><strong>propria</strong></span> <span class='ocrx_word' id='word_1_635' title='bbox 684 2801 861 2824; x_wconf 85' lang='lat' dir='ltr'><strong>lontananza.</strong></span> <span class='ocrx_word' id='word_1_636' title='bbox 900 2799 944 2824; x_wconf 77' lang='lat' dir='ltr'><strong>Cf.</strong></span> <span class='ocrx_word' id='word_1_637' title='bbox 958 2800 1066 2829; x_wconf 74' lang='lat' dir='ltr'><strong>szzx,</strong></span> <span class='ocrx_word' id='word_1_638' title='bbox 1081 2803 1119 2831; x_wconf 77' lang='lat' dir='ltr'><strong>op.</strong></span> <span class='ocrx_word' id='word_1_639' title='bbox 1134 2802 1190 2828; x_wconf 70' lang='lat' dir='ltr'><em>cit„</em></span> <span class='ocrx_word' id='word_1_640' title='bbox 1245 2800 1312 2824; x_wconf 87' lang='lat' dir='ltr'><strong>dato</strong></span> <span class='ocrx_word' id='word_1_641' title='bbox 1333 2800 1377 2824; x_wconf 87' lang='lat' dir='ltr'><strong>dal</strong></span> <span class='ocrx_word' id='word_1_642' title='bbox 1396 2800 1522 2824; x_wconf 84' lang='lat' dir='ltr'><strong>Mussato</strong></span> <span class='ocrx_word' id='word_1_643' title='bbox 1542 2799 1591 2823; x_wconf 85' lang='lat' dir='ltr'><strong>che</strong></span> <span class='ocrx_word' id='word_1_644' title='bbox 1612 2799 1641 2822; x_wconf 91' lang='lat' dir='ltr'><strong>lo</strong></span> <span class='ocrx_word' id='word_1_645' title='bbox 1660 2798 1769 2822; x_wconf 77' lang='lat' dir='ltr'><strong>chiama</strong></span> <span class='ocrx_word' id='word_1_646' title='bbox 1787 2796 1854 2821; x_wconf 89' lang='lat' dir='ltr'><strong>fiore</strong></span> <span class='ocrx_word' id='word_1_647' title='bbox 1867 2804 1882 2821; x_wconf 85' lang='lat' dir='ltr'><strong>e</strong></span> <span class='ocrx_word' id='word_1_648' title='bbox 1894 2797 1996 2820; x_wconf 86' lang='lat' dir='ltr'><strong>decoro</strong></span> <span class='ocrx_word' id='word_1_649' title='bbox 2009 2803 2141 2828; x_wconf 82' lang='lat' dir='ltr'><strong>supremo</strong></span> 
     </span>
     <span class='ocr_line' id='line_1_52' title="bbox 297 2842 1630 2873; baseline -0.001 -8"><span class='ocrx_word' id='word_1_650' title='bbox 297 2842 376 2865; x_wconf 71' lang='lat' dir='ltr'><strong>tomo</strong></span> <span class='ocrx_word' id='word_1_651' title='bbox 394 2842 444 2871; x_wconf 84' lang='lat'><strong>111,</strong></span> <span class='ocrx_word' id='word_1_652' title='bbox 464 2849 490 2873; x_wconf 91' lang='lat' dir='ltr'><strong>p.</strong></span> <span class='ocrx_word' id='word_1_653' title='bbox 511 2842 570 2873; x_wconf 79' lang='lat'><strong>238.</strong></span> <span class='ocrx_word' id='word_1_654' title='bbox 1245 2842 1317 2866; x_wconf 88' lang='lat' dir='ltr'><strong>della</strong></span> <span class='ocrx_word' id='word_1_655' title='bbox 1338 2842 1434 2866; x_wconf 78' lang='lat' dir='ltr'><strong>Mar-ca</strong></span> <span class='ocrx_word' id='word_1_656' title='bbox 1453 2842 1630 2872; x_wconf 73' lang='lat' dir='ltr'><strong>Trivigiana.</strong></span> 
     </span>
    </p>

    <p class='ocr_par' dir='ltr' id='par_1_13' title="bbox 386 2878 2142 2916">
     <span class='ocr_line' id='line_1_53' title="bbox 386 2878 2142 2916; baseline -0.004 -8"><span class='ocrx_word' id='word_1_657' title='bbox 386 2881 396 2897; x_wconf 79' lang='lat'><strong>³</strong></span> <span class='ocrx_word' id='word_1_658' title='bbox 417 2884 457 2908; x_wconf 79' lang='lat' dir='ltr'><strong>La</strong></span> <span class='ocrx_word' id='word_1_659' title='bbox 476 2883 601 2916; x_wconf 80' lang='lat' dir='ltr'><strong>famiglia</strong></span> <span class='ocrx_word' id='word_1_660' title='bbox 627 2884 718 2907; x_wconf 88' lang='lat' dir='ltr'><strong>Lozzo</strong></span> <span class='ocrx_word' id='word_1_661' title='bbox 743 2885 831 2908; x_wconf 80' lang='lat' dir='ltr'><strong>trasse</strong></span> <span class='ocrx_word' id='word_1_662' title='bbox 858 2884 878 2908; x_wconf 88' lang='lat' dir='ltr'><strong>il</strong></span> <span class='ocrx_word' id='word_1_663' title='bbox 898 2891 981 2908; x_wconf 86' lang='lat' dir='ltr'><strong>nome</strong></span> <span class='ocrx_word' id='word_1_664' title='bbox 1004 2883 1049 2907; x_wconf 84' lang='lat' dir='ltr'><strong>dal</strong></span> <span class='ocrx_word' id='word_1_665' title='bbox 1074 2883 1190 2908; x_wconf 83' lang='lat' dir='ltr'><strong>castello</strong></span> <span class='ocrx_word' id='word_1_666' title='bbox 1334 2881 1344 2896; x_wconf 77' lang='lat'><strong>⁵</strong></span> <span class='ocrx_word' id='word_1_667' title='bbox 1362 2883 1464 2914; x_wconf 82' lang='lat' dir='ltr'><strong>Iacopo</strong></span> <span class='ocrx_word' id='word_1_668' title='bbox 1485 2882 1515 2906; x_wconf 84' lang='lat' dir='ltr'><strong>di</strong></span> <span class='ocrx_word' id='word_1_669' title='bbox 1534 2881 1680 2914; x_wconf 83' lang='lat' dir='ltr'><strong>Marsiglio</strong></span> <span class='ocrx_word' id='word_1_670' title='bbox 1702 2880 1736 2905; x_wconf 77' lang='lat' dir='ltr'><strong>da</strong></span> <span class='ocrx_word' id='word_1_671' title='bbox 1756 2879 1876 2904; x_wconf 78' lang='lat' dir='ltr'><strong>carrara</strong></span> <span class='ocrx_word' id='word_1_672' title='bbox 1895 2879 1943 2902; x_wconf 85' lang='lat' dir='ltr'><strong>che</strong></span> <span class='ocrx_word' id='word_1_673' title='bbox 1957 2878 2079 2903; x_wconf 76' lang='lat' dir='ltr'><strong>direnne</strong></span> <span class='ocrx_word' id='word_1_674' title='bbox 2093 2878 2142 2910; x_wconf 85' lang='lat' dir='ltr'><strong>poi</strong></span> 
     </span>
    </p>
   </div>
   <div class='ocr_carea' id='block_1_13' title="bbox 297 2923 1551 2957">
    <p class='ocr_par' dir='ltr' id='par_1_14' title="bbox 297 2923 1551 2957">
     <span class='ocr_line' id='line_1_54' title="bbox 297 2923 1551 2957; baseline 0 -8"><span class='ocrx_word' id='word_1_675' title='bbox 297 2925 440 2949; x_wconf 85' lang='lat' dir='ltr'><strong>omonimo</strong></span> <span class='ocrx_word' id='word_1_676' title='bbox 461 2926 489 2948; x_wconf 87' lang='lat' dir='ltr'><strong>in</strong></span> <span class='ocrx_word' id='word_1_677' title='bbox 510 2925 573 2956; x_wconf 86' lang='lat' dir='ltr'><strong>quel</strong></span> <span class='ocrx_word' id='word_1_678' title='bbox 592 2924 619 2949; x_wconf 80' lang='lat' dir='ltr'><strong>d’</strong></span> <span class='ocrx_word' id='word_1_679' title='bbox 628 2925 702 2949; x_wconf 80' lang='lat' dir='ltr'><strong>Este.</strong></span> <span class='ocrx_word' id='word_1_680' title='bbox 740 2925 794 2949; x_wconf 85' lang='lat' dir='ltr'><strong>Per</strong></span> <span class='ocrx_word' id='word_1_681' title='bbox 807 2924 912 2949; x_wconf 83' lang='lat' dir='ltr'><strong>notizie</strong></span> <span class='ocrx_word' id='word_1_682' title='bbox 925 2931 958 2949; x_wconf 87' lang='lat' dir='ltr'><strong>su</strong></span> <span class='ocrx_word' id='word_1_683' title='bbox 977 2923 1094 2949; x_wconf 75' lang='lat' dir='ltr'><strong>Niccolo</strong></span> <span class='ocrx_word' id='word_1_684' title='bbox 1108 2926 1191 2949; x_wconf 77' lang='lat' dir='ltr'><strong>conte</strong></span> <span class='ocrx_word' id='word_1_685' title='bbox 1245 2925 1359 2957; x_wconf 88' lang='lat' dir='ltr'><strong>signore</strong></span> <span class='ocrx_word' id='word_1_686' title='bbox 1378 2925 1407 2949; x_wconf 87' lang='lat' dir='ltr'><strong>di</strong></span> <span class='ocrx_word' id='word_1_687' title='bbox 1426 2924 1551 2949; x_wconf 76' lang='lat' dir='ltr'><strong>Padova.</strong></span> 
     </span>
    </p>
   </div>
   <div class='ocr_carea' id='block_1_14' title="bbox 2157 774 2194 804">
    <p class='ocr_par' dir='ltr' id='par_1_15' title="bbox 2157 774 2194 804">
     <span class='ocr_line' id='line_1_55' title="bbox 2157 774 2194 804; baseline 0 0"><span class='ocrx_word' id='word_1_688' title='bbox 2157 774 2194 804; x_wconf 88' lang='lat'><strong>10</strong></span> 
     </span>
    </p>
   </div>
   <div class='ocr_carea' id='block_1_15' title="bbox 2158 1036 2194 1069">
    <p class='ocr_par' dir='ltr' id='par_1_16' title="bbox 2158 1036 2194 1069">
     <span class='ocr_line' id='line_1_56' title="bbox 2158 1036 2194 1069; baseline -0.056 0"><span class='ocrx_word' id='word_1_689' title='bbox 2158 1036 2194 1069; x_wconf 89' lang='grc'><strong>15</strong></span> 
     </span>
    </p>
   </div>
   <div class='ocr_carea' id='block_1_16' title="bbox 2155 1302 2197 1332">
    <p class='ocr_par' dir='ltr' id='par_1_17' title="bbox 2155 1302 2197 1332">
     <span class='ocr_line' id='line_1_57' title="bbox 2155 1302 2197 1332; baseline 0 0"><span class='ocrx_word' id='word_1_690' title='bbox 2155 1302 2197 1332; x_wconf 88' lang='grc'><strong>20</strong></span> 
     </span>
    </p>
   </div>
   <div class='ocr_carea' id='block_1_17' title="bbox 2159 1646 2199 1678">
    <p class='ocr_par' dir='ltr' id='par_1_18' title="bbox 2159 1646 2199 1678">
     <span class='ocr_line' id='line_1_58' title="bbox 2159 1646 2199 1678; baseline 0 0"><span class='ocrx_word' id='word_1_691' title='bbox 2159 1646 2199 1678; x_wconf 82' lang='lat'><strong>25</strong></span> 
     </span>
    </p>
   </div>
   <div class='ocr_carea' id='block_1_18' title="bbox 2158 1912 2200 1942">
    <p class='ocr_par' dir='ltr' id='par_1_19' title="bbox 2158 1912 2200 1942">
     <span class='ocr_line' id='line_1_59' title="bbox 2158 1912 2200 1942; baseline -0.024 0"><span class='ocrx_word' id='word_1_692' title='bbox 2158 1912 2200 1942; x_wconf 73' lang='lat'><strong>30</strong></span> 
     </span>
    </p>
   </div>
   <div class='ocr_carea' id='block_1_19' title="bbox 2162 2174 2201 2207">
    <p class='ocr_par' dir='ltr' id='par_1_20' title="bbox 2162 2174 2201 2207">
     <span class='ocr_line' id='line_1_60' title="bbox 2162 2174 2201 2207; baseline 0 0"><span class='ocrx_word' id='word_1_693' title='bbox 2162 2174 2201 2207; x_wconf 88' lang='grc'><strong>35</strong></span> 
     </span>
    </p>
   </div>
   <div class='ocr_carea' id='block_1_20' title="bbox 2171 2925 2204 2943">
    <p class='ocr_par' dir='ltr' id='par_1_21' title="bbox 2171 2925 2204 2943">
     <span class='ocr_line' id='line_1_61' title="bbox 2171 2925 2204 2943; baseline 0 0"><span class='ocrx_word' id='word_1_694' title='bbox 2171 2925 2204 2943; x_wconf 81' lang='lat'><strong>20</strong></span> 
     </span>
    </p>
   </div>
  </div>
 </body>
</html>
