2297 3476
152 481 170 495 c.
186 479 233 499 77r

143 2247 161 2261 C.
178 2244 229 2263 777⁷

314 177 363 211 90
948 173 1258 210 CHRONICON
1287 172 1517 209 ESTENSE
1852 179 1934 213 [AA.
1957 181 2151 214 1320-1321]

309 307 356 338 ita
379 306 472 348 quod
496 315 565 336 non
588 310 727 346 possent
750 304 877 336 habere
901 303 1043 340 victum3
1069 307 1102 334 et
1123 314 1180 334 vos
1205 303 1304 334 etiam
1329 314 1391 334 non
1414 303 1541 334 habetis
1555 303 1609 334 hic
1625 307 1746 344 gentes
1764 308 1890 335 vestras
1898 316 1909 344 ;
1933 304 2032 335 immo
2048 304 2149 346 su[n]t

309 360 343 390 in
368 359 483 390 Monte
505 357 597 389 silice
620 361 652 388 et
682 357 716 387 in
748 356 823 387 aliis
846 356 933 387 locis.
980 356 1146 387 Dominus
1170 355 1276 388 Canis
1302 354 1495 397 respondit:
1521 355 1634 397 Rogo,
1668 356 1758 397 quod
1779 357 1987 399 permittatis
2018 367 2068 388 me
2098 358 2150 388 ire

310 412 356 442 ad
376 422 428 442 eos
451 411 628 441 vadendum
636 422 647 450 ‚·
671 409 728 451 qui
753 408 911 440 dixerunt
935 408 981 439 ei:
1007 408 1154 438 volumus
1178 408 1386 450 complacere
1409 408 1601 450 volunptati
1622 412 1730 439 vestre
1737 421 1747 450 ;
1771 413 1820 439 set
1843 420 1906 440 non
1929 410 2076 440 volumus
2095 420 2151 440 vos

309 466 360 496 ire
383 464 429 495 ad
447 474 509 495 eos.
554 462 660 494 Dixit:
686 462 844 493 libenter:
871 461 1102 493 Incontinenti
1127 461 1236 502 captis
1260 460 1373 492 armis'
1398 461 1476 499 suis,
1496 466 1529 492 et
1552 461 1692 493 indutus
1715 462 1872 493 ascendit
1896 473 2019 504 equum
2044 473 2150 500 suum,

309 524 341 549 et
364 517 427 548 ivit
451 522 570 549 contra
594 515 759 558 quosdam
784 514 960 546 venientes
985 525 1003 546 a
1027 514 1135 545 latere
1157 513 1279 545 Pontis
1304 514 1411 553 corvi,
1436 524 1522 555 quos
1538 514 1682 545 viriliter
1698 515 1880 556 percussit.
1929 515 2055 547 Gentes
2078 515 2152 547 eius

308 570 463 602 videntes
493 579 569 600 eum
602 573 813 600 conaverunt
836 578 998 599 sucurere
1024 567 1066 604 ei,
1095 566 1153 608 qui
1184 567 1250 598 iam
1283 573 1402 608 captus
1434 572 1506 597 erat
1539 577 1559 597 a
1583 567 1730 608 quodam
1763 567 1986 599 theothonico
1996 580 2004 605 3
2029 574 2062 599 et
2093 578 2151 600 co-

308 634 379 654 ram
404 622 557 654 omnibus
581 621 728 652 adcessit
751 620 941 652 Chichinus
965 619 1008 651 de
1033 619 1065 650 la
1088 618 1192 650 Scala
1217 619 1290 651 eius
1314 629 1432 660 nepos,
1457 619 1514 661 qui
1538 625 1609 651 toto
1642 630 1702 651 suo
1734 630 1834 661 posse
1866 620 2010 652 sucurrit
2040 620 2071 652 ei
2102 621 2151 651 vi-

308 676 425 713 riliter,
451 686 527 708 cum
551 685 631 707 ense
656 674 692 705 in
717 685 816 705 manu
841 674 1002 704 insultum
1027 673 1161 704 faciens
1186 678 1306 704 contra
1330 672 1459 703 dictum
1483 673 1731 709 theotonicum;
1759 679 1792 704 et
1819 673 1868 705 sic
1899 673 2013 705 evasit
2045 674 2153 705 domi-

306 740 368 761 nus
391 729 495 761 Canis
519 728 561 759 de
579 727 666 759 illius
683 727 847 759 manibus.
894 726 953 758 Set
975 725 1088 758 statim
1113 725 1269 757 dominus
1287 724 1392 756 Canis
1410 725 1500 766 cepit
1515 725 1635 767 fugere
1653 731 1825 768 tamquam
1850 726 2028 758 conflictus
2043 737 2150 768 usque

306 783 459 815 Montem
483 781 613 813 silicem
640 780 694 812 die
717 789 803 811 xxw
828 779 973 822 augusti.
1018 778 1101 810 Post
1124 788 1254 820 paucos
1277 784 1389 810 autem
1418 778 1491 809 dies
1522 778 1691 810 exercitus
1714 778 1981 820 Padu[a]norum
2012 778 2072 810 ivit
2095 789 2152 810 ca-

306 841 411 867 strum
434 834 562 866 Montis
586 833 699 872 silicis,
724 839 756 864 et
779 833 889 874 ipsum
915 831 1116 863 habuerunt.

394 888 526 919 Eodem
557 886 748 918 millesimo.
780 885 948 917 Dominus
971 884 1173 927 Phylyppus
1198 885 1241 916 de
1266 884 1408 927 Valoys,
1441 884 1528 915 filius
1552 885 1725 927 quondam
1750 884 1878 916 domini
1902 884 2022 916 Karoli
2051 884 2151 916 Sine-

304 948 396 974 terra
419 941 463 972 de
487 941 590 972 domo
615 939 772 977 Francie,
806 949 882 970 curn
914 948 1037 980 magna
1061 937 1247 979 quantitate
1272 937 1414 969 militum
1444 942 1478 969 et
1508 937 1662 978 peditum
1691 938 1734 968 de
1766 937 1833 969 suis
1865 937 2027 969 contratis
2059 938 2152 969 venit

306 995 341 1025 in
364 993 616 1031 Lombardiam‚
641 1002 781 1034 sperans
806 991 984 1033 acquirere
1008 996 1113 1022 totam
1137 989 1392 1022 Lombardiam.
1440 989 1611 1032 Cogitatio
1637 989 1708 1021 eius
1732 989 1870 1029 fefellit,
1891 990 1971 1032 quia
1995 990 2152 1022 dominus

307 1047 435 1090 Galeac
458 1047 501 1078 de
526 1044 799 1078 vicecomitibus
824 1045 867 1076 de
890 1044 1101 1082 Mediolano,
1126 1044 1185 1086 qui
1208 1050 1290 1075 tunc
1314 1049 1386 1075 erat
1409 1043 1565 1074 dominus
1582 1042 1781 1081 Mediolani,
1799 1043 1940 1074 veniens
1957 1043 2092 1074 obviam
2110 1043 2150 1081 ei,

305 1100 441 1133 obsedit
463 1110 540 1132 eum
564 1108 665 1140 super
689 1108 847 1140 campum
871 1108 968 1128 suum
993 1097 1050 1128 tali
1074 1097 1189 1134 modo,
1214 1096 1307 1138 quod
1332 1095 1438 1128 nichil
1462 1101 1622 1138 poterant
1646 1095 1774 1127 habere
1805 1103 1868 1138 pro
1900 1106 2015 1127 eorum
2048 1096 2151 1133 victu,

305 1160 338 1186 et
363 1163 536 1195 equorum,
562 1162 627 1183 nec
651 1150 815 1182 recedere
839 1156 1006 1191 poterant.
1055 1149 1139 1180 Inde
1157 1149 1312 1181 dominus
1330 1148 1456 1191 Galeac
1481 1148 1628 1179 sentiens
1645 1158 1762 1180 eorum
1787 1148 2046 1187 extremitatem,
2068 1154 2151 1179 tam-

307 1217 406 1249 quam
430 1205 553 1238 nobilis
576 1214 646 1236 non
670 1204 858 1245 respiciens
883 1203 927 1234 ad
952 1212 1068 1233 eorum
1092 1201 1258 1241 stultitias,
1282 1201 1378 1233 mixit
1401 1202 1445 1233 ad
1470 1201 1599 1233 dictum
1624 1201 1812 1233 exercitum
1835 1201 2004 1240 victualia,
2024 1201 2059 1232 in
2082 1212 2151 1232 ma-

304 1259 396 1291 xima
420 1259 618 1301 quantitate,
644 1263 677 1288 et
700 1257 839 1288 domino
863 1255 1046 1298 Phylyppo
1071 1255 1157 1287 fecit
1180 1255 1377 1296 prexentari
1401 1254 1607 1296 pulcerimos
1636 1264 1744 1296 equos
1768 1260 1802 1286 et
1830 1254 1906 1293 alia,
1936 1255 2004 1296 qui,
2028 1253 2151 1285 videns

307 1311 571 1354 magnitudinem
596 1316 628 1342 et
653 1309 878 1342 curialitatem
902 1309 1029 1340 domini
1055 1308 1194 1350 Galeac,
1219 1307 1446 1339 incontinenti
1470 1307 1613 1338 recessit
1639 1308 1682 1339 de
1700 1307 1793 1338 dicto
1817 1307 1896 1339 loco
1922 1317 1998 1339 cum
2019 1306 2098 1344 suis,
2117 1312 2149 1338 et

305 1364 430 1396 redivit
453 1364 597 1406 patriam
621 1373 725 1401 suam,
750 1362 865 1394 iurans
889 1372 931 1393 ne
955 1372 1104 1404 unquam
1129 1360 1272 1402 amplius
1296 1360 1526 1392 descenderet
1549 1359 1582 1390 in
1606 1359 1858 1391 Lombardiam.

1109 1493 1342 1536 MCCCXXJ.

393 1596 444 1627 De
469 1605 582 1626 mense
605 1594 689 1638 julii.
737 1591 886 1635 Magnus
909 1601 1024 1623 rumor
1047 1591 1113 1622 fuit
1137 1591 1171 1622 in
1195 1591 1335 1622 civitate
1359 1589 1512 1621 Bononie
1537 1590 1626 1621 inter
1655 1589 1739 1621 duas
1771 1595 1896 1630 partes,
1921 1589 2053 1620 scilicet
2077 1589 2150 1621 Ro-

304 1649 371 1680 mei
396 1649 440 1680 de
464 1647 637 1689 Peppolis,
661 1652 695 1678 et
718 1645 1022 1681 Beccadellorum3
1047 1649 1098 1676 set
1121 1644 1229 1675 maior
1252 1653 1331 1685 pars
1354 1643 1472 1685 populi
1496 1641 1702 1684 sequebatur
1718 1642 1751 1673 in
1770 1642 1897 1673 auxilio
1913 1641 2150 1680 Beccadellos,

305 1711 444 1742 sperans
466 1700 626 1732 derobari
648 1699 829 1741 pecuniam
853 1704 886 1729 et
911 1697 1049 1728 divitias
1071 1696 1220 1728 infinitas
1245 1695 1327 1728 dicti
1350 1695 1507 1738 Romey;
1534 1701 1568 1727 et
1591 1695 1626 1726 in
1650 1695 1716 1726 fine
1743 1695 1963 1736 expulserunt
1980 1700 2075 1726 extra
2099 1695 2147 1725 ci-

305 1753 442 1785 vitatem
468 1753 597 1785 dictum
620 1753 790 1784 Romeum
815 1761 890 1782 cum
914 1755 985 1782 tota
1008 1749 1079 1781 eius
1103 1756 1212 1791 parte,
1238 1755 1271 1780 et
1296 1749 1363 1780 fuit
1386 1748 1422 1779 in
1446 1747 1501 1780 die
1526 1747 1637 1780 sancti
1660 1747 1785 1786 Alexii,
1816 1747 1951 1779 scilicet
1990 1747 2046 1779 die
2074 1756 2151 1779 xvn

305 1806 390 1850 julii.

393 1860 525 1892 Eodem
549 1859 729 1891 millesimo
754 1859 797 1890 de
822 1867 938 1889 mense
964 1857 1107 1899 augusti.
1147 1856 1314 1888 Dominus
1337 1855 1492 1887 marchio
1517 1855 1626 1897 Obico
1650 1855 1793 1887 estensis
1824 1854 1993 1897 equitavit
2015 1852 2149 1897 Argen-

304 1919 373 1944 tam
398 1923 475 1945 cum
499 1913 647 1945 maxima
671 1912 858 1954 quantitate
883 1910 1027 1942 militum
1053 1915 1087 1941 et
1111 1919 1188 1941 cum
1205 1909 1332 1950 popolo
1358 1915 1391 1940 et
1415 1909 1541 1940 navilio
1566 1907 1722 1939 Ferrarie
1739 1918 1842 1939 causa
1857 1906 2055 1948 accipiendi
2075 1907 2148 1938 dic-

304 1972 371 1997 tam
395 1973 529 2005 terram,
553 1966 634 2008 quia
657 1964 814 1997 dominus
839 1963 1118 2004 archiepiscopus
1142 1961 1334 1994 Ravenne¹
1366 1961 1553 1993 defunctus
1584 1966 1667 1992 erat.
1714 1960 1816 1992 Tunc
1847 1962 1930 1991 ΠΗ(π
1954 1960 1997 1991 de
2029 1959 2149 1990 melio-

305 2018 397 2050 ribus
421 2018 551 2051 civibus
567 2019 721 2061 Argente
745 2022 913 2048 venerunt
937 2022 1033 2048 extra
1057 2015 1228 2047 civitatem
1253 2015 1297 2046 ad
1320 2015 1568 2056 parlamentum
1585 2024 1661 2046 cum
1678 2013 1816 2045 domino
1839 2012 2054 2051 Marchione,
2069 2022 2148 2054 pro-

305 2072 481 2103 mictentes
503 2071 609 2103 multa
632 2070 710 2107 sibi3
737 2076 771 2101 et
788 2069 896 2101 nichil
913 2074 996 2105 erat,
1014 2068 1093 2110 quia
1110 2067 1359 2110 exspectabant
1376 2067 1537 2098 navilium
1554 2067 1776 2098 Venetorum.
1824 2066 1957 2097 Tamen
1975 2064 2061 2097 dicti
2078 2070 2146 2096 tra-

305 2124 433 2156 ditores
457 2129 668 2156 recesserunt
693 2134 711 2154 a
734 2122 875 2154 domino
898 2121 1117 2160 Marchione,
1143 2126 1177 2152 et
1201 2121 1376 2152 redierunt
1401 2119 1584 2151 civitatem.
1632 2120 1726 2151 Ecce
1744 2118 1907 2150 navilium
1924 2117 2145 2154 Venetorum,

304 2182 338 2209 et
360 2178 571 2209 intraverunt
594 2175 800 2218 Argentam3
827 2174 956 2206 deinde
981 2174 1182 2205 direxerunt
1204 2173 1365 2204 nuncium
1391 2173 1531 2204 domino
1562 2171 1757 2204 Marchioni
1790 2182 1833 2203 ex
1864 2176 1961 2212 parte
1994 2170 2146 2202 comunis

306 2230 526 2268 Venetorum,
551 2229 643 2272 quod
667 2228 780 2260 statim
803 2228 985 2260 recederet
1009 2237 1084 2258 cum
1108 2226 1176 2258 suis
1200 2226 1243 2257 de
1269 2224 1441 2257 districtu'
1473 2224 1638 2267 Argente.
1687 2223 1793 2261 Quod
1825 2223 1964 2255 audiens
1993 2222 2148 2255 dominus

303 2283 473 2322 Marchio,
497 2282 624 2325 absque
649 2292 744 2314 mora
768 2280 910 2312 recessit
934 2281 976 2312 de
1000 2279 1095 2311 dicto
1119 2280 1196 2311 loco
1221 2284 1254 2310 et
1278 2279 1447 2316 districtu,
1474 2284 1508 2309 et
1531 2277 1656 2310 redivit
1680 2277 1882 2310 Ferrariam.

392 2336 525 2368 Eodem
548 2335 728 2367 millesimo
754 2335 796 2366 de
821 2343 936 2365 mense
959 2331 1172 2374 septembris.
1196 2331 1337 2363 Domini
1361 2330 1578 2362 marchiones
1601 2330 1804 2373 Raynaldus
1829 2335 1863 2361 et
1886 2328 1996 2372 Obico
2012 2329 2146 2366 fratres,

303 2388 432 2420 domini
457 2387 603 2419 civitatis
627 2387 796 2426 Ferrarie,
820 2388 956 2418 iverunt
979 2385 1024 2417 ad
1047 2385 1296 2426 parlamentum
1321 2394 1397 2415 cum
1429 2382 1693 2425 inquixitoribus
1719 2382 1850 2414 domini
1882 2381 1975 2423 Pape
2007 2381 2051 2413 ad
2074 2387 2146 2413 tur-

303 2442 365 2472 rim
388 2439 575 2478 Kannuli²‚
600 2440 793 2472 volentibus
816 2438 1009 2470 examinare
1033 2437 1257 2469 Marchiones
1281 2446 1383 2478 super
1406 2436 1510 2468 fidem
1535 2435 1749 2477 captolicam,
1768 2434 1846 2477 quia
1862 2434 1920 2465 ille
1944 2434 2147 2466 maledictus

303 2492 509 2536 episcopus3
534 2493 690 2525 Ferrarie
715 2497 957 2534 reportaverat,
983 2489 1164 2522 commodo
1190 2496 1288 2521 erant
1305 2494 1400 2520 extra
1424 2489 1525 2520 fidem
1551 2488 1794 2530 captholicam‚
1819 2487 1877 2530 qui
1900 2486 2142 2524 mentiebatur3

303 2553 335 2578 et
359 2547 402 2578 de
425 2547 492 2578 hoc
516 2546 834 2577 demonstraverunt
858 2542 1110 2582 certitudinem,
1135 2541 1229 2585 quod
1252 2543 1287 2574 in
1304 2548 1399 2574 recta
1422 2541 1490 2573 fide
1514 2540 1770 2583 permanebant.

392 2709 415 2726 2.
431 2703 459 2726 in
473 2703 571 2726 Monte
590 2700 680 2732 silice]
701 2700 874 2725 Montesilice
894 2699 918 2723 Α
939 2711 967 2717 -
991 2706 1014 2730 4.
1029 2706 1111 2731 equm
1124 2698 1149 2722 A
1170 2711 1201 2715 —
1222 2698 1246 2723 8.
1267 2696 1384 2729 dictum]
1406 2697 1553 2721 dominum
1572 2697 1598 2720 B
1617 2709 1649 2713 —
1673 2701 1711 2727 17.
1732 2694 1941 2726 estremitatem]
1962 2694 2142 2718 stremitatem

302 2745 326 2768 A
347 2759 378 2762 —
401 2745 440 2769 18.
461 2744 522 2775 dopo
541 2743 674 2767 victualia
693 2743 718 2765 B
737 2743 770 2765 Im
789 2744 814 2766 et
834 2755 866 2759 —
887 2748 928 2772 24.
947 2741 1134 2773 sequebantur
1152 2740 1176 2763 A
1197 2753 1230 2757 —
1257 2745 1299 2771 25.
1320 2739 1452 2764 derobare
1472 2740 1549 2763 Mun.
1576 2752 1608 2756 —
1629 2737 1717 2769 26-27.
1738 2738 1760 2760 le
1773 2738 1866 2769 parole
1886 2737 1995 2761 scilicet
2015 2737 2059 2760 die
2079 2742 2142 2760 xvn

304 2788 368 2820 julii
378 2786 480 2816 furano
499 2793 557 2818 agg.
578 2786 611 2809 da
630 2785 700 2809 altra
720 2792 794 2808 mano
816 2797 847 2801 -
868 2790 909 2816 29.
924 2782 1061 2814 Ferrarie]
1082 2783 1300 2807 Ferrariensium
1320 2782 1398 2807 Mun.
1419 2795 1450 2799 —
1472 2788 1514 2813 40.
1534 2779 1673 2812 Ferrarie]
1693 2780 1877 2804 Ferrariensis
1897 2780 1974 2803 MUR.

393 2890 399 2906 ¹
420 2891 543 2916 Rinaldo
564 2890 748 2922 Concoreggi,
767 2890 862 2919 Gmus,
881 2892 921 2920 op.
939 2890 994 2916 cit„
1015 2889 1075 2919 718.
1252 2887 1380 2911 Finalese
1400 2886 1489 2919 (prov.
1510 2885 1537 2910 di
1556 2884 1699 2916 Modena).

392 2932 402 2948 '²
423 2934 511 2958 Torre
530 2934 558 2957 di
579 2933 690 2963 Canoli,
709 2932 786 2956 detta
801 2931 887 2955 anche
901 2931 930 2954 di
944 2931 997 2955 San
1013 2930 1138 2954 Martino
1153 2929 1196 2953 nel
1339 2928 1350 2943 3
1371 2928 1464 2952 Guido
1483 2927 1515 2951 de
1535 2928 1659 2959 Cnpello,
1681 2927 1774 2958 Gmus,
1795 2929 1832 2958 op.
1853 2927 1908 2953 cit„
1927 2925 1986 2958 695.

2180 780 2216 810 10

2180 1042 2216 1074 15

2173 1307 2214 1337 20

2172 1695 2212 1725 25

2173 1959 2214 1990 30

2169 2488 2210 2517 40
