2297 3476
89 941 163 965 Μυκ..
179 942 218 961 320

128 1907 147 1920 c.
162 1905 212 1924 jor

299 168 345 202 28
514 170 515 173 ’
934 166 1248 203 CHRONICON
1275 166 1509 203 ESTENSE
1977 175 2028 209 [A.
2049 177 2142 209 1256]

299 297 416 329 Pontis
439 297 549 328 sancti
572 296 741 339 Niccolay
756 298 764 314 ¹
791 296 885 328 circa
908 297 1028 328 horam
1051 302 1180 328 sextam
1205 295 1357 328 Paduam
1381 296 1597 329 velocissime
1622 304 1863 338 pervenerunt.
1909 299 1997 331 Cum
2029 306 2144 332 autem

294 356 428 391 portam
452 349 571 381 Pontis
595 349 711 381 corbi²
734 349 917 386 venissent,
943 350 1103 381 custodes
1126 349 1169 381 de
1194 349 1278 381 turri
1300 355 1334 382 et
1358 349 1401 381 de
1427 350 1604 392 argeribus
1627 350 1812 393 burgorum
1843 352 1954 384 iacula
1978 353 2143 391 iacentes,

294 403 371 434 illos
394 401 529 444 ingredi
553 401 689 433 fortiter
713 400 953 442 prohibebant.
999 401 1102 433 Tunc
1126 402 1257 433 strenui
1272 402 1467 440 bellatores,
1491 403 1610 434 mortis
1633 403 1824 444 periculum
1847 410 2143 446 contempnentes

296 454 549 487 descenderunt
572 454 608 485 in
631 464 754 496 aquam
777 454 935 491 fluminis,
961 460 995 487 et
1018 460 1179 496 repentes
1195 455 1353 487 manibus
1369 461 1403 487 et
1418 455 1568 497 pedibus
1583 465 1647 497 per
1663 465 1819 498 argerem
1843 458 1999 499 superius
2023 467 2144 490 ascen-

294 508 435 543 derunt;
463 513 497 538 et
520 506 569 537 sic
595 506 638 537 de
668 506 785 548 burgis
817 506 975 546 civitatis,
1001 507 1214 550 fugientibus
1238 507 1455 545 adversariis,
1483 507 1667 550 gloriosam
1698 508 1878 540 victoriam
1908 516 1984 541 sunt
2015 511 2142 551 adepti.

295 561 395 593 Tunc
411 560 561 602 Legatus
585 559 703 591 divino
727 559 855 601 Spiritu
878 560 1115 598 inflammatus,
1140 560 1293 602 aspirare
1312 561 1405 602 cepit
1421 561 1466 592 ad
1491 562 1780 604 expugnationem
1795 568 1864 593 tam
1888 563 2071 595 clarissime
2097 563 2144 595 ci-

294 613 416 651 vitatis,
440 613 594 654 fecitque
619 612 675 644 die
699 611 758 643 illa
781 618 953 655 nocteque
985 613 1144 655 sequenti
1175 619 1306 656 gattum
1337 613 1563 645 firmissimum
1594 614 1774 656 preparari
1805 614 1850 646 ad
1881 617 2143 657 supponendum

294 666 409 709 ignem
432 666 467 697 in
501 671 601 707 porta
625 665 749 708 pontiS‚
775 665 833 708 qui
857 666 983 698 dicitur
1006 665 1188 698 Altinatus.
1235 666 1279 698 Et
1302 677 1379 698 cum
1410 667 1477 698 iam
1502 667 1644 710 Ligatus
1660 678 1750 700 nova
1773 668 1926 708 haberet,
1951 670 2143 701 Ecellinum

293 729 370 750 cum
395 719 549 750 exercitu
572 719 608 749 in
632 717 832 760 precedenti
856 718 1053 750 dominica⁸
1079 719 1325 762 aliquantulum
1351 730 1370 751 a
1400 720 1544 751 Mantua
1571 726 1764 762 separatum
1796 727 1829 753 et
1859 722 1904 753 ad
1931 721 2143 754 redeundum

293 773 468 804 Veronam
491 777 658 813 paratum,
681 772 887 804 festinanter
911 771 967 804 die
993 773 1110 804 martis
1134 773 1228 805 circa
1251 773 1370 805 horam
1394 783 1520 805 nonam
1535 773 1622 805 fecit
1638 780 1769 816 gattum
1793 785 1911 806 versus
1927 781 2058 817 portam
2083 776 2144 807 im-

292 825 375 867 pelli
398 826 582 869 ignemque
606 824 651 857 ad
676 824 944 857 comburendum
970 825 1133 857 citissime
1157 826 1356 858 ministrari.
1405 825 1486 863 Quo
1510 827 1616 866 facto,
1645 827 1761 859 divino
1790 827 1987 871 sufragante
2012 828 2142 870 spiritu,

292 885 391 920 porta
416 889 493 910 cum
517 877 620 910 domo
645 878 810 910 iminente
835 888 854 910 a
877 878 977 910 flama
1001 879 1165 911 velociter
1189 885 1240 911 est
1264 889 1421 911 accensa.
1468 880 1568 911 Tunc
1594 880 1687 921 cepit
1710 890 1871 912 resonare
1889 881 2019 913 clamor
2033 892 2143 924 popu-

293 931 428 970 'lorum‚
453 931 707 964 cohortantium
725 942 761 963 se
777 931 822 963 ad
837 942 998 974 pugnam,
1018 932 1230 975 clangorque
1253 933 1408 965 tubarum
1416 945 1424 970 ;
1450 932 1615 964 balisterii
1639 943 1774 975 quoque
1799 934 1907 966 fortes
1924 940 1957 966 et
1981 935 2144 976 frequen-

291 991 341 1017 tes
365 984 562 1028 dirigebant
584 985 726 1029 sagittas
751 990 872 1016 contra
895 985 983 1024 illos,
1009 985 1068 1027 qui
1092 985 1136 1017 de
1160 996 1259 1018 muro
1283 986 1395 1018 iacula
1419 985 1653 1018 dimictebant.
1701 987 1885 1019 Interiores
1909 988 2024 1030 itaque
2051 998 2142 1020 com-

291 1038 449 1071 bustione
473 1044 572 1080 porte
597 1048 668 1069 non
691 1037 865 1070 modicum
890 1044 967 1070 sunt
990 1038 1157 1079 perterifi,
1184 1039 1371 1071 exteriores
1395 1049 1478 1071 vero
1502 1039 1707 1071 audaciores
1737 1040 1867 1078 effecti,
1899 1041 2010 1072 scalas
2040 1040 2144 1072 muris

292 1091 443 1134 undique
472 1098 696 1134 apponentes,
728 1091 824 1123 circa
853 1091 975 1123 horam
1006 1092 1238 1132 vespertinam
1271 1102 1372 1134 super
1403 1092 1552 1124 civitatis
1583 1103 1697 1124 muros
1728 1093 1872 1125 viriliter
1905 1093 2142 1125 ascenderunt.

293 1145 393 1177 Tunc
416 1144 621 1177 Ansedisius
644 1143 765 1176 videns
790 1150 927 1186 captam
950 1154 1024 1176 esse
1049 1144 1093 1176 ab
1125 1145 1331 1177 adversariis
1356 1145 1540 1185 civitatem,
1565 1156 1642 1177 cum
1665 1146 1786 1177 militia
1817 1146 1934 1189 fugam
1964 1147 2142 1189 arripiens,

291 1208 354 1239 per
377 1204 512 1240 portam
536 1198 644 1230 sancti
668 1198 836 1240 Johannis
860 1207 1026 1240 egressus,
1061 1198 1198 1230 concite
1223 1199 1442 1231 Vincentiam
1466 1200 1678 1241 properavit.
1725 1200 1887 1232 Victores
1911 1206 2033 1239 autem,
2058 1211 2141 1242 pau-

294 1261 351 1283 cos
375 1252 574 1284 occidentes
598 1257 631 1282 et
654 1251 750 1294 quasi
774 1251 947 1282 neminem
971 1251 1158 1293 capientes,
1190 1251 1339 1292 spoliare
1373 1251 1549 1284 civitatem
1580 1258 1653 1284 toto
1682 1253 1861 1285 conam‘me
1893 1259 1971 1285 sunt
2002 1253 2142 1295 agressi.

291 1305 391 1337 Tunc
416 1305 527 1346 aperti
550 1310 627 1336 sunt
651 1313 808 1336 carceres
831 1304 1003 1336 tenebrosi
1011 1317 1020 1342 3
1045 1310 1145 1345 rupta
1169 1311 1247 1337 sunt
1270 1305 1409 1337 vincula
1433 1311 1467 1337 et
1483 1305 1639 1337 cathene.
1686 1306 1778 1337 Hinc
1800 1306 2022 1349 egrediuntur
2045 1306 2143 1338 turbe

292 1359 466 1390 hominum
491 1357 711 1395 moribunde3
736 1356 817 1389 inde
840 1357 1035 1399 procedunt
1058 1364 1213 1390 matrone
1237 1358 1371 1390 nobiles
1395 1358 1599 1401 trepideque
1623 1360 1750 1400 puelle,
1779 1359 1937 1402 squalore
1965 1360 2142 1402 macieque

291 1412 464 1444 confecte.
513 1412 649 1443 Exeunt
672 1416 847 1452 postremo
872 1410 1007 1442 nobiles
1038 1411 1138 1452 pueri
1169 1412 1325 1444 excecati
1355 1412 1483 1453 pariter
1513 1418 1548 1444 et
1579 1413 1727 1450 castrati,
1759 1423 1902 1455 quorum
1932 1413 2143 1445 miserandus

290 1471 450 1506 aspectus
474 1464 518 1496 ad
541 1464 673 1506 piarum
698 1464 925 1507 lacrymarum
950 1464 1154 1496 effusionem
1179 1465 1298 1496 oculos
1321 1465 1527 1497 intuentium
1543 1465 1766 1506 provocabat.
1814 1466 1937 1498 Nullus
1952 1466 2068 1509 itaque
2092 1466 2142 1497 vi-

290 1519 383 1550 ribus
404 1517 580 1549 hominum
605 1516 751 1549 atribuat
775 1516 956 1548 victoriam
981 1523 1048 1549 tam
1073 1517 1257 1549 fortissime
1282 1517 1440 1557 civitatis,
1458 1524 1510 1550 set
1527 1518 1591 1550 soli
1607 1519 1692 1556 Deo,
1717 1519 1775 1560 qui
1794 1519 1894 1550 estin
1911 1519 1979 1551 suis
2003 1519 2140 1560 perfec-

291 1572 331 1604 tis
356 1571 517 1613 operibus
540 1570 720 1612 gloriosus,
746 1570 841 1601 cuius
865 1569 1040 1602 mediante
1064 1570 1199 1609 virtute,
1224 1571 1391 1603 famellici
1415 1577 1593 1609 saturatos,
1617 1571 1791 1603 inhermes
1818 1578 1968 1603 armatos
1996 1572 2140 1603 viriliter

289 1625 500 1657 devicerunt.
547 1624 669 1655 Preter
692 1623 758 1654 hec
782 1629 911 1655 tantam
933 1623 1079 1667 gratiam
1103 1623 1273 1664 co[n]tulit
1296 1624 1404 1656 virtus
1429 1625 1544 1656 divina
1567 1625 1712 1667 Legato‚
1730 1631 1766 1657 ut
1783 1625 1875 1656 infra
1900 1631 2045 1667 quatuor
2068 1625 2142 1657 dies

290 1689 359 1710 non
384 1679 491 1710 solum
516 1683 665 1709 castrum
690 1676 848 1714 Ecellini,
875 1677 967 1718 quod
990 1683 1064 1709 erat
1086 1677 1122 1708 in
1146 1677 1271 1720 angulo
1297 1678 1455 1717 civitatis,
1480 1684 1531 1710 set
1553 1678 1656 1710 etiam
1681 1678 1794 1709 omnia
1819 1684 1942 1717 castra,
1960 1688 2026 1720 que
2043 1683 2142 1710 erant

292 1732 328 1763 in
351 1731 512 1773 paduano
537 1730 706 1769 districtu,
731 1736 800 1761 tam
824 1730 857 1760 in
880 1730 985 1771 plano
1015 1741 1117 1774 quam
1147 1730 1185 1762 in
1220 1723 1392 1763 montibus
1416 1731 1609 1770 constituta,
1639 1732 1671 1763 ei
1696 1732 1856 1764 custodes
1887 1731 2034 1763 Ecellini
2057 1741 2137 1773 pro—

289 1785 379 1816 tinus
409 1783 608 1821 redderent,
633 1790 752 1825 preter
775 1789 924 1815 castrum
955 1783 1087 1816 Montis
1118 1783 1233 1822 silicis,
1266 1790 1484 1826 castrumque
1514 1784 1783 1827 inexpugnabile
1816 1783 1986 1816 Calaonis.
2033 1784 2139 1815 Fama

289 1838 353 1870 [uit
375 1838 478 1881 igitur
502 1836 659 1879 preclare
682 1836 779 1868 istius
803 1836 949 1868 victorie
980 1847 1043 1878 per
1074 1837 1266 1869 universam
1298 1837 1448 1869 Ytaliam
1481 1837 1675 1880 devulgata.
1723 1837 1883 1869 Ecclesia
1914 1847 1959 1869 ex
1990 1838 2058 1868 hoc
2090 1844 2140 1869 est

289 1892 413 1924 virtute
435 1891 608 1923 roborata.
655 1890 864 1922 Sacerdotes
888 1891 932 1923 de
955 1890 1079 1933 Legati
1104 1890 1310 1923 constantia'
1333 1891 1626 1934 glorificabantur,
1645 1902 1830 1934 omnesque
1848 1891 1957 1932 ipsum
1981 1889 2142 1933 predica-

287 1945 369 1977 bant
393 1945 495 1976 laude
522 1944 673 1986 dignum,
698 1943 757 1986 qui
779 1943 914 1975 hostem
938 1943 1197 1976 invictissimum
1219 1944 1303 1976 vicit
1328 1951 1361 1976 et
1377 1943 1645 1985 insuperabilem
1670 1944 1852 1986 superavit.
1899 1944 1976 1985 Ipse
1993 1954 2140 1985 namque

288 1999 405 2030 divina
428 1997 551 2029 virtute
577 1996 746 2035 suffultus,
770 1997 904 2028 stultam
930 2007 1002 2028 esse
1028 1997 1233 2038 sapientiam
1264 1997 1486 2040 Salinguerre
1517 1997 1552 2028 in
1583 1997 1678 2029 facto
1710 1998 1851 2029 Ferarie
1885 1996 2138 2039 comprobavit3

288 2061 379 2083 nunc
402 2060 484 2083 vero
508 2050 543 2082 in
567 2049 822 2092 expugnatione
847 2048 977 2088 Padue,
1001 2049 1221 2094 astrologiam
1245 2056 1278 2082 et
1302 2050 1479 2093 sortilegia
1502 2049 1653 2082 Ecellini
1670 2060 1742 2082 esse
1766 2049 1957 2088 vanissima,
1975 2050 2052 2081 luce
2070 2049 2139 2081 cla-

288 2104 356 2136 rius
381 2102 667 2145 demo[n]stravit.

375 2159 512 2190 Interea
535 2156 616 2189 dum
640 2158 707 2189 hec
731 2156 852 2189 Padue
876 2157 1030 2204 feliciter
1053 2163 1246 2201 agerentur,
1270 2157 1536 2200 superbissimus
1551 2157 1729 2189 Ecellinus
1745 2168 1765 2188 a
1781 2157 1922 2189 Mam-ue
1945 2155 2138 2188 vastatione

286 2218 473 2249 revertens,
497 2211 626 2242 fluenta
648 2210 771 2242 Mincii
796 2221 873 2242 cum
898 2210 1051 2242 exercitu
1075 2211 1323 2252 pertransibat;
1348 2217 1382 2242 et
1399 2221 1482 2242 ecce
1500 2210 1651 2242 occurrit
1667 2211 1699 2241 ei
1716 2211 1818 2242 velox
1834 2210 1979 2242 nuncius
1995 2209 2138 2241 veniens

286 2264 330 2296 de
353 2264 504 2303 Verona,
528 2264 586 2306 qui
611 2274 689 2295 cum
711 2263 835 2295 timore
858 2263 1005 2295 maximo
1031 2264 1062 2294 ei
1087 2270 1223 2305 captam
1247 2274 1320 2295 esse
1344 2263 1499 2295 Paduam
1516 2263 1560 2294 ab
1578 2263 1783 2295 adversariis
1806 2263 1990 2294 nunciavit.
2037 2263 2137 2294 Tunc

286 2318 343 2349 ille
368 2316 591 2349 inestimabili
616 2316 737 2348 dolore
762 2327 804 2348 ac
827 2317 944 2348 furore
970 2322 1168 2354 commotus,
1193 2316 1291 2349 iussit
1314 2317 1503 2348 exercitum
1527 2316 1730 2348 festinanter
1753 2316 1894 2348 fiuvium
1918 2315 2137 2357 pertransire,

287 2380 474 2412 currusque
498 2368 624 2402 deinde
648 2380 756 2412 usque
780 2369 957 2401 Veronam
982 2369 1054 2401 sine
1077 2369 1329 2401 intermissione
1354 2369 1471 2412 aliqua
1493 2369 1632 2412 agitari;
1657 2369 1775 2411 sicque
1803 2368 1847 2400 de
1879 2368 2012 2400 duabus
2036 2368 2138 2400 dietis

285 2435 387 2455 unam
412 2424 609 2460 conficiens,
634 2422 791 2454 omnibus
815 2422 1062 2454 admirantibus
1087 2428 1121 2454 et
1144 2423 1374 2454 festinationis
1392 2433 1528 2454 causam
1546 2422 1588 2454 ab
1614 2421 1860 2465 ignorantibus,
1884 2422 2052 2453 velociter
2067 2421 2138 2452 Ve-

285 2487 403 2509 ronam
426 2476 594 2518 pervenst,
619 2476 677 2508 ubi
703 2477 739 2507 fit
763 2476 921 2508 omnibus
943 2475 1173 2515 manifestum,
1191 2475 1345 2508 Paduam
1362 2477 1407 2508 ad
1423 2486 1542 2508 manus
1559 2476 1775 2508 inimicorum
1792 2475 1929 2517 penitus
1945 2473 2135 2506 devenisse.

284 2530 423 2562 Auditis
446 2530 512 2562 hiis
536 2529 740 2569 rumoribus,
756 2529 915 2561 Paduani
933 2535 1100 2572 ceperunt
1115 2529 1412 2562 inconsolabiliter
1428 2529 1617 2567 lamentari,
1637 2539 1713 2561 cum
1730 2540 1794 2571 pro
1816 2527 1979 2560 uxoribus
2004 2534 2038 2560 et
2061 2527 2137 2559 filiis

375 2649 399 2667 2.
418 2643 536 2667 iacentis
553 2643 577 2666 A
598 2657 630 2660 —
650 2651 674 2674 4.
693 2649 766 2674 aqua
784 2642 808 2665 A
828 2656 860 2659 —
883 2649 921 2666 11.
942 2641 1095 2674 suflagante
1113 2642 1137 2665 A
1157 2655 1189 2658 —
1208 2649 1246 2666 12.
1268 2643 1379 2675 portam
1397 2643 1421 2665 A
1442 2656 1473 2659 —
1497 2643 1637 2673 13.prima
1653 2642 1683 2664 di
1695 2642 1866 2673 clangorque
1879 2641 1903 2663 A
1922 2648 1979 2672 agg.
2003 2642 2031 2664 et
2045 2654 2076 2657 —
2093 2646 2135 2664 21.

286 2684 426 2716 macieque
438 2684 518 2709 Mmz.
538 2688 617 2708 tratto
631 2684 708 2716 dagli
724 2685 821 2709 Arnum:
837 2685 960 2715 matique
974 2683 998 2707 A
1016 2697 1049 2701 -—-
1062 2689 1103 2714 25.
1118 2683 1271 2717 inhermes]
1292 2684 1440 2708 inherinos
1453 2685 1477 2707 A
1496 2697 1528 2701 —-
1546 2684 1586 2708 28.
1601 2682 1742 2714 custodes]
1763 2690 1779 2706 a
1792 2682 1955 2706 custodibus
1967 2683 1991 2705 A
2011 2683 2089 2706 Mun.
2104 2695 2136 2699 ——

286 2733 328 2757 29.
343 2726 502 2758 redderent]
517 2727 680 2751 rediderunt
697 2726 721 2749 A
740 2727 848 2750 reddita
867 2726 977 2750 fuerint
996 2727 1076 2750 MUR.
1090 2740 1121 2743 —
1137 2732 1178 2756 32.
1193 2726 1216 2749 A
1230 2727 1321 2756 prima
1335 2727 1521 2750 victissimum
1531 2728 1579 2757 poi
1595 2727 1722 2757 aggz'unto
1735 2726 1764 2748 in
1777 2727 1904 2748 carattere·
1918 2726 2092 2747 mz'tmtissz‘mo
2110 2725 2136 2754 ῑς

284 2769 464 2791 l'amanuense
484 2769 513 2791 di
530 2770 555 2791 B
574 2777 623 2792 non
643 2770 701 2792 vide
722 2769 875 2800 l'agginnta
894 2777 906 2791 e
925 2769 994 2799 copi&
1014 2767 1199 2792 uictissimum
1214 2781 1245 2785 —
1260 2775 1301 2799 40.
1317 2768 1533 2793 intromissione
1553 2770 1576 2792 A
1599 2781 1609 2784 -
1629 2767 1724 2799 dietis]
1746 2767 1830 2791 dictis
1849 2768 1889 2793 A:
1910 2767 1992 2791 dietis
2006 2767 2133 2797 leggiamo

245 2814 258 2840 5
288 2811 327 2833 col
346 2811 431 2839 Μυκη
451 2810 580 2841 toglz‘endo
600 2811 621 2833 il
639 2811 753 2834 vocabolo
773 2812 831 2842 agli
849 2811 928 2835 ANN.

376 2886 383 2903 ¹
403 2888 494 2912 Ponte
508 2888 563 2912 San
578 2887 693 2912 Niccolo
706 2888 867 2920 x-illaggioa
886 2888 996 2913 sud-cst
1015 2888 1043 2912 di
1062 2888 1184 2912 Patlova.
1239 2889 1324 2913 Pieve
1344 2889 1372 2912 di
1391 2889 1486 2913 Sacco.

375 2931 384 2947 '²
405 2933 582 2957 Pontecorbo
601 2933 710 2957 trovasi
730 2933 799 2957 sulla
812 2933 859 2957 via
872 2933 923 2957 che
939 2934 975 2957 da
989 2932 1100 2957 Padova
1114 2940 1148 2957 va
1169 2942 1186 2957 a
1329 2932 1339 2947 '³
1362 2932 1392 2957 18
1411 2933 1526 2965 giugno.

2190 510 2207 541 υι

2172 777 2209 808 10

2171 1039 2207 1071 15

2166 1307 2208 1337 20

2163 1838 2205 1869 30

2162 2369 2203 2399 40
